id,amount,price,timestamp,type
138712293,0.02,29038.5,1558453201,sell
138712292,0.02,29038.5,1558453201,sell
138712317,0.25173061,29031.5,1558453201,sell
138712316,0.03,29034.8,1558453201,sell
138712315,0.02,29034.8,1558453201,sell
138712314,0.03,29034.8,1558453201,sell
138712313,0.02,29034.8,1558453201,sell
138712312,0.02,29034.8,1558453201,sell
138712311,0.02,29034.8,1558453201,sell
138712310,0.02,29034.8,1558453201,sell
138712309,0.02,29034.8,1558453201,sell
138712308,0.02,29034.8,1558453201,sell
138712307,0.02,29034.8,1558453201,sell
138712294,0.02,29038.5,1558453201,sell
138712305,0.02,29034.8,1558453201,sell
138712306,0.02,29034.8,1558453201,sell
138712296,0.02,29038.5,1558453201,sell
138712297,0.02,29038.5,1558453201,sell
138712298,0.02,29038.5,1558453201,sell
138712299,0.02,29038.5,1558453201,sell
138712295,0.02,29038.5,1558453201,sell
138712301,0.02,29038.5,1558453201,sell
138712300,0.02,29038.5,1558453201,sell
138712304,0.02,29034.8,1558453201,sell
138712302,0.03,29038.5,1558453201,sell
138712303,0.02,29034.8,1558453201,sell
138712331,0.005,29053.5,1558453202,sell
138712332,0.09340667,29048.0,1558453204,sell
138712334,0.00091883,29042.9,1558453211,buy
138712335,0.00880309,29042.9,1558453211,buy
138712337,0.003,29042.8,1558453213,sell
138712343,0.00879918,29042.9,1558453220,buy
138712348,0.72828714,29051.3,1558453225,sell
138712349,0.00879325,29063.1,1558453229,buy
138712352,0.00185798,29062.7,1558453234,sell
138712351,0.00314202,29062.9,1558453234,sell
138712353,0.02,29063.1,1558453235,buy
138712354,0.00879148,29053.9,1558453240,buy
138712355,0.005,29054.2,1558453241,sell
138712356,0.00879055,29059.8,1558453241,buy
138712357,0.00879055,29051.3,1558453243,buy
138712358,0.032,29056.5,1558453257,sell
138712359,0.04158637,29049.5,1558453257,sell
138712360,0.25841,29049.5,1558453258,sell
138712365,0.5,29042.5,1558453259,sell
138712362,3.63e-06,29049.5,1558453259,sell
138712436,0.02,29012.8,1558453261,sell
138712435,0.02,29012.8,1558453261,sell
138712434,0.02,29012.8,1558453261,sell
138712433,0.02,29012.8,1558453261,sell
138712432,0.02,29012.8,1558453261,sell
138712431,0.02,29012.8,1558453261,sell
138712430,0.02,29012.8,1558453261,sell
138712429,0.02,29012.8,1558453261,sell
138712428,0.02,29012.8,1558453261,sell
138712417,0.02,29016.4,1558453261,sell
138712426,0.02,29012.8,1558453261,sell
138712425,0.02,29012.8,1558453261,sell
138712424,0.02,29012.8,1558453261,sell
138712437,0.02,29009.1,1558453261,sell
138712422,0.02,29012.8,1558453261,sell
138712421,0.02,29012.8,1558453261,sell
138712420,0.02,29012.8,1558453261,sell
138712419,0.02,29012.8,1558453261,sell
138712418,0.1146886,29016.4,1558453261,sell
138712416,0.02,29016.4,1558453261,sell
138712438,0.02,29009.1,1558453261,sell
138712449,0.027000000000000003,28999.9,1558453261,sell
138712440,0.02,29009.1,1558453261,sell
138712461,0.01031698,28997.2,1558453261,sell
138712460,0.00265702,28997.3,1558453261,sell
138712459,0.00367149,28997.3,1558453261,sell
138712458,0.00632851,28997.3,1558453261,sell
138712457,0.00879055,28997.7,1558453261,sell
138712456,0.02,28998.1,1558453261,sell
138712455,0.02,28998.1,1558453261,sell
138712454,0.02,28998.1,1558453261,sell
138712453,0.02,28998.1,1558453261,sell
138712452,0.02,28998.1,1558453261,sell
138712451,0.02,28998.1,1558453261,sell
138712450,0.00399999,28999.2,1558453261,sell
138712415,0.02,29016.4,1558453261,sell
138712448,0.00632771,29001.0,1558453261,sell
138712447,0.0036633000000000004,29001.0,1558453261,sell
138712446,0.02,29001.7,1558453261,sell
138712445,0.02,29001.7,1558453261,sell
138712444,0.0025,29002.1,1558453261,sell
138712443,0.25356939,29005.4,1558453261,sell
138712442,0.02,29009.1,1558453261,sell
138712441,0.02,29009.1,1558453261,sell
138712439,0.02,29009.1,1558453261,sell
138712414,0.02,29016.4,1558453261,sell
138712427,0.02,29012.8,1558453261,sell
138712412,0.02,29016.4,1558453261,sell
138712385,0.02,29027.4,1558453261,sell
138712384,0.02,29027.4,1558453261,sell
138712383,0.02,29027.4,1558453261,sell
138712382,0.02,29027.4,1558453261,sell
138712381,0.02,29027.4,1558453261,sell
138712380,0.02,29027.4,1558453261,sell
138712379,0.02,29027.4,1558453261,sell
138712378,0.02,29027.4,1558453261,sell
138712377,0.02,29027.4,1558453261,sell
138712376,0.1,29027.8,1558453261,sell
138712375,0.02,29031.1,1558453261,sell
138712374,0.02,29031.1,1558453261,sell
138712373,0.02,29031.1,1558453261,sell
138712372,0.02,29031.1,1558453261,sell
138712371,0.02,29031.1,1558453261,sell
138712370,0.02,29031.1,1558453261,sell
138712369,0.02,29031.1,1558453261,sell
138712368,0.02,29031.1,1558453261,sell
138712367,0.02,29031.1,1558453261,sell
138712366,0.02,29031.1,1558453261,sell
138712413,0.02,29016.4,1558453261,sell
138712386,0.02,29027.4,1558453261,sell
138712387,0.02,29027.4,1558453261,sell
138712423,0.02,29012.8,1558453261,sell
138712389,0.02,29027.4,1558453261,sell
138712388,0.02,29027.4,1558453261,sell
138712411,0.02,29016.4,1558453261,sell
138712410,0.02,29016.4,1558453261,sell
138712409,0.006,29016.4,1558453261,sell
138712408,0.02,29020.1,1558453261,sell
138712407,0.02,29020.1,1558453261,sell
138712406,0.02,29020.1,1558453261,sell
138712405,0.02,29020.1,1558453261,sell
138712403,0.02,29020.1,1558453261,sell
138712402,0.02,29020.1,1558453261,sell
138712401,0.02,29020.1,1558453261,sell
138712404,0.02,29020.1,1558453261,sell
138712399,0.02,29020.1,1558453261,sell
138712398,0.02,29020.1,1558453261,sell
138712390,0.02,29027.4,1558453261,sell
138712397,0.02,29020.1,1558453261,sell
138712396,0.001,29020.1,1558453261,sell
138712395,0.02,29027.4,1558453261,sell
138712394,0.02,29027.4,1558453261,sell
138712393,0.02,29027.4,1558453261,sell
138712392,0.02,29027.4,1558453261,sell
138712400,0.02,29020.1,1558453261,sell
138712391,0.02,29027.4,1558453261,sell
138712523,0.02,28994.4,1558453262,sell
138712524,0.02,28994.4,1558453262,sell
138712528,0.04,28994.4,1558453262,sell
138712526,0.02,28994.4,1558453262,sell
138712527,0.02,28994.4,1558453262,sell
138712521,0.02,28994.4,1558453262,sell
138712525,0.02,28994.4,1558453262,sell
138712520,0.02,28994.4,1558453262,sell
138712522,0.02,28994.4,1558453262,sell
138712518,0.02,28994.4,1558453262,sell
138712519,0.02,28994.4,1558453262,sell
138712509,0.02,28994.4,1558453262,sell
138712511,0.02,28994.4,1558453262,sell
138712512,0.02,28994.4,1558453262,sell
138712510,0.02,28994.4,1558453262,sell
138712514,0.02,28994.4,1558453262,sell
138712515,0.02,28994.4,1558453262,sell
138712516,0.02,28994.4,1558453262,sell
138712513,0.02,28994.4,1558453262,sell
138712517,0.02,28994.4,1558453262,sell
138712530,0.0008,28994.4,1558453264,sell
138712531,0.1,28998.1,1558453266,buy
138712532,0.015,29015.7,1558453268,buy
138712533,0.01,29015.4,1558453268,sell
138712534,0.015,29015.5,1558453269,sell
138712535,0.025,29015.5,1558453269,sell
138712536,0.015,29015.5,1558453269,sell
138712537,0.0112,29015.4,1558453271,sell
138712538,0.005,29015.7,1558453272,buy
138712542,0.00580681,29015.4,1558453274,sell
138712543,0.00076229,29015.3,1558453274,sell
138712539,0.098847,29016.8,1558453274,sell
138712541,0.09179972,29016.4,1558453274,sell
138712540,0.09,29016.8,1558453274,sell
138712544,0.005,29011.3,1558453275,buy
138712545,0.015,29012.0,1558453278,buy
138712548,0.09300000000000001,29009.4,1558453285,buy
138712549,0.025,29009.4,1558453285,buy
138712550,0.25,29009.4,1558453286,buy
138712552,0.004,29009.4,1558453293,buy
138712553,0.00478072,29009.4,1558453293,buy
138712555,0.00878165,29012.8,1558453296,buy
138712562,0.5,29037.0,1558453303,buy
138712563,0.3,29041.0,1558453303,buy
138712564,0.489,29041.0,1558453303,buy
138712565,0.21100000000000002,29042.5,1558453303,buy
138712573,0.3749,29056.5,1558453308,sell
138712574,0.1,29040.3,1558453308,sell
138712592,0.00471526,29027.4,1558453313,sell
138712591,0.00314304,29038.7,1558453313,sell
138712593,0.00406148,29027.4,1558453313,sell
138712604,0.0126256,29027.1,1558453315,sell
138712605,0.50397592,29027.1,1558453316,sell
138712606,0.62582408,29027.1,1558453316,sell
138712609,0.0078395,29027.1,1558453316,sell
138712629,0.00876911,29038.1,1558453326,buy
138712630,0.015,29042.5,1558453328,buy
138712632,0.25,29042.9,1558453328,buy
138712631,0.02801295,29031.0,1558453328,sell
138712647,0.00876447,29056.8,1558453339,buy
138712682,0.03942426,29069.3,1558453354,buy
138712689,0.06563431,29090.2,1558453380,buy
138712688,0.19123553,29089.9,1558453380,buy
138712691,0.33800202,29091.0,1558453380,buy
138712690,0.74832416,29090.6,1558453380,buy
138712692,0.00680518,29080.6,1558453382,sell
138712693,0.00873995,29075.2,1558453383,buy
138712698,0.00873443,29068.9,1558453385,sell
138712699,0.005,29064.9,1558453391,buy
138712700,0.00333485,29064.6,1558453392,sell
138712701,0.00166515,29064.2,1558453392,sell
138712705,0.00709375,29064.2,1558453394,sell
138712706,0.00163157,29064.2,1558453394,sell
138712707,0.0015106,29064.2,1558453396,sell
138712708,0.0034893999999999997,29060.9,1558453396,sell
138712719,0.005,29059.0,1558453412,buy
138712720,0.01,29068.2,1558453414,buy
138712721,0.01,29059.8,1558453422,buy
138712734,0.00877004,29053.1,1558453439,sell
138712735,0.59122996,29053.1,1558453439,sell
138712754,0.00871894,29041.0,1558453449,buy
138712764,0.00871547,29042.5,1558453457,buy
138712766,0.005,29049.5,1558453458,buy
138712769,0.00371894,29049.5,1558453460,buy
138712775,0.05665634,29055.4,1558453464,sell
138712776,0.01,29057.6,1558453465,sell
138712796,0.0087121,29060.1,1558453469,buy
138712797,0.025,29060.8,1558453470,buy
138712801,0.0087069,29060.1,1558453479,buy
138712805,0.00870538,29060.1,1558453488,buy
138712806,0.00534326,29060.0,1558453489,sell
138712807,0.57633881,29056.8,1558453489,sell
138712808,0.00499653,29052.8,1558453489,sell
138712809,0.00872193,29049.8,1558453489,sell
138712813,0.00870538,29034.8,1558453491,buy
138712814,0.15076113,29051.7,1558453500,sell
138712815,0.14923887,29051.3,1558453500,sell
138712816,0.01503468,29053.5,1558453502,sell
138712817,0.162,29053.5,1558453502,sell
138712818,0.00869913,29053.1,1558453502,sell
138712819,0.06767819,29050.6,1558453502,sell
138712822,0.25341199999999997,29050.6,1558453502,sell
138712828,0.00870028,29049.8,1558453511,buy
138712830,0.00711754,29049.7,1558453517,buy
138712831,0.24825464,29049.5,1558453517,sell
138712832,0.00869593,29049.5,1558453520,buy
138712833,0.00869593,29049.5,1558453523,buy
138712838,0.00786183,29049.3,1558453531,sell
138712839,0.00431034,29049.3,1558453531,sell
138712840,0.03796678,29049.3,1558453531,sell
138712841,0.05667351,29049.1,1558453531,sell
138712844,0.00869015,29049.5,1558453533,buy
138712845,0.00095593,29049.1,1558453537,sell
138712846,0.01,29049.5,1558453538,buy
138712847,0.005,29049.5,1558453541,buy
138712854,0.0086811,29049.5,1558453542,buy
138712860,0.00868202,29049.5,1558453545,buy
138712865,0.00866585,29049.5,1558453552,buy
138712866,0.00875905,29049.5,1558453566,buy
138712871,0.00865628,29049.1,1558453584,sell
138712872,0.00124095,29049.5,1558453585,buy
138712873,0.27875905,29054.2,1558453585,buy
138712874,0.00865628,29056.8,1558453587,sell
138712908,0.2,29049.1,1558453602,sell
138712905,0.00919337,29057.1,1558453602,sell
138712906,6.38e-06,29056.8,1558453602,sell
138712907,0.09183361,29053.9,1558453602,sell
138712913,0.005,29047.6,1558453611,sell
138712921,0.01012616,29055.1,1558453625,buy
138712920,0.01287384,29053.9,1558453625,buy
138712922,0.00865481,29049.5,1558453628,buy
138712923,0.0038061999999999996,29051.0,1558453630,buy
138712927,0.00648507,29031.1,1558453631,sell
138712925,0.00523348,29049.3,1558453631,sell
138712924,0.00458117,29049.3,1558453631,sell
138712926,0.00870028,29044.7,1558453631,sell
138712928,0.05,29032.9,1558453637,sell
138712932,0.05,29062.0,1558453642,buy
138712933,0.015,29061.6,1558453643,buy
138712935,0.005,29060.1,1558453646,buy
138712936,0.005,29052.0,1558453649,sell
138712937,0.00492129,29052.6,1558453652,sell
138712938,7.871e-05,29046.2,1558453652,sell
138712939,0.00864851,29054.2,1558453653,buy
138712943,0.005,29048.4,1558453655,sell
138712944,0.005,29052.8,1558453657,sell
138712945,0.005,29053.5,1558453659,sell
138712959,0.00863882,29067.8,1558453663,buy
138712962,0.00863791,29059.4,1558453665,sell
138712966,0.00862969,29038.5,1558453673,buy
138712968,0.00862709,29060.9,1558453682,buy
138712969,0.00862709,29060.5,1558453685,buy
138712978,0.0127,29067.5,1558453693,buy
138712977,0.00090043,29057.9,1558453693,sell
138712976,0.00771692,29059.2,1558453693,sell
138712982,0.00956987,29057.9,1558453694,sell
138712983,0.47601399,29051.3,1558453694,sell
138712984,1.0,29049.5,1558453694,sell
138712985,0.34,29049.1,1558453694,sell
138712986,0.17441614,29048.4,1558453694,sell
138712988,0.01,29049.5,1558453697,sell
138712996,0.00861007,29072.2,1558453705,sell
138712997,0.14117192,29076.3,1558453705,buy
138713002,0.0086137,29076.7,1558453707,buy
138713004,0.005,29073.7,1558453709,buy
138713005,0.135,29073.7,1558453709,buy
138713020,0.09807075,29100.5,1558453733,buy
138713019,0.00192925,29078.9,1558453733,buy
138713021,0.00859938,29089.9,1558453735,buy
138713022,0.00859666,29088.8,1558453737,buy
138713023,0.1,29088.8,1558453737,buy
138713024,0.00860119,29088.8,1558453739,buy
138713059,0.256,29081.4,1558453748,buy
138713050,0.311791,29075.2,1558453748,sell
138713053,0.129047,29075.2,1558453748,sell
138713054,0.256,29075.2,1558453748,sell
138713049,0.00391026,29083.8,1558453748,sell
138713062,0.05,29076.7,1558453752,buy
138713070,0.00859088,29081.8,1558453757,buy
138713071,0.07069212,29081.8,1558453758,buy
138713072,0.00430788,29084.7,1558453758,buy
138713077,0.10860119,29085.8,1558453761,sell
138713078,0.01822332,29085.8,1558453761,sell
138713086,0.00858633,29100.9,1558453771,buy
138713116,0.00858419,29099.1,1558453778,buy
138713115,0.00313797,29100.6,1558453778,sell
138713121,0.01263644,29096.5,1558453779,sell
138713125,0.00858419,29098.7,1558453780,buy
138713126,0.02619652,29096.5,1558453780,sell
138713132,0.01263807,29096.1,1558453781,sell
138713137,0.03693027,29096.1,1558453781,sell
138713138,0.00858419,29096.1,1558453781,buy
138713151,0.17905129,29086.2,1558453782,sell
138713156,0.03503596,29098.0,1558453783,buy
138713172,0.00859666,29089.1,1558453786,sell
138713171,0.00371895,29091.7,1558453786,sell
138713194,0.01975873,29088.8,1558453788,sell
138713193,0.01716837,29089.1,1558453788,sell
138713213,0.03705035,29088.8,1558453789,sell
138713211,0.00629236,29088.8,1558453789,sell
138713198,0.00858153,29089.9,1558453789,sell
138713202,0.03703725,29088.8,1558453789,sell
138713199,0.00409641,29088.8,1558453789,sell
138713205,0.01231272,29090.2,1558453789,sell
138713215,0.040144,29089.5,1558453790,sell
138713225,0.03155649,29100.6,1558453794,sell
138713237,0.00857727,29100.9,1558453799,buy
138713241,0.82865924,29100.5,1558453800,sell
138713240,0.01393236,29100.6,1558453800,sell
138713243,0.00857817,29100.9,1558453801,buy
138713247,0.00857817,29100.9,1558453802,buy
138713256,0.032847,29100.5,1558453803,sell
138713258,0.01220504,29100.5,1558453803,sell
138713262,0.0369182,29100.5,1558453803,sell
138713263,0.81175944,29100.5,1558453803,sell
138713268,0.01223436,29100.5,1558453806,sell
138713280,0.03703194,29099.1,1558453808,sell
138713275,0.0179,29099.4,1558453808,buy
138713277,0.01219188,29099.1,1558453808,sell
138713286,0.0121579,29091.5,1558453809,sell
138713289,0.00933445,29091.5,1558453809,sell
138713290,0.02769101,29089.1,1558453809,sell
138713295,0.00857541,29084.2,1558453810,buy
138713299,0.00859178,29082.5,1558453812,sell
138713301,0.00857541,29076.8,1558453813,buy
138713310,0.03748536,29076.8,1558453813,buy
138713378,0.01244677,29075.5,1558453819,buy
138713377,0.02454797,29075.5,1558453819,buy
138713370,0.01211762,29075.2,1558453819,sell
138713336,0.01244578,29075.5,1558453819,buy
138713333,0.03732847,29075.5,1558453819,buy
138713369,0.01682017,29075.2,1558453819,sell
138713364,0.0196,29075.2,1558453819,sell
138713382,0.00856938,29075.2,1558453820,sell
138713390,0.0007700000000000001,29075.6,1558453823,buy
138713397,0.03717207,29075.2,1558453825,buy
138713403,0.03798121,29075.5,1558453831,sell
138713404,0.25347119,29075.5,1558453831,sell
138713406,0.00410282,29075.6,1558453832,buy
138713407,0.00451341,29078.9,1558453832,buy
138713416,0.0372318,29088.4,1558453834,buy
138713418,0.01231074,29088.0,1558453834,buy
138713444,0.62457147,29074.8,1558453847,buy
138713439,0.00314111,29071.9,1558453847,buy
138713440,0.13261719,29071.9,1558453847,buy
138713441,0.05022575,29071.9,1558453847,buy
138713442,0.1,29073.0,1558453847,buy
138713443,0.33903118,29074.8,1558453847,buy
138713488,0.00272144,29084.7,1558453862,sell
138713487,0.00400438,29092.8,1558453862,buy
138713486,0.00542929,29092.8,1558453862,buy
138713490,0.005,29091.3,1558453865,buy
138713505,0.00607106,29086.2,1558453875,buy
138713506,0.06892894,29086.6,1558453875,buy
138713509,0.03748835,29086.2,1558453877,sell
138713528,0.00850505,29089.9,1558453884,buy
138713529,0.00850505,29089.9,1558453886,buy
138713531,0.03577548,29089.9,1558453888,sell
138713535,0.21,29089.5,1558453893,buy
138713536,0.00850472,29086.2,1558453895,sell
138713537,0.075,29086.9,1558453895,buy
138713538,0.032,29089.5,1558453896,buy
138713551,0.13086049,29089.5,1558453898,buy
138713550,0.00313951,29086.6,1558453898,buy
138713555,0.07498389999999999,29089.5,1558453898,buy
138713545,0.00850472,29086.2,1558453898,sell
138713561,0.35504033,29094.6,1558453912,buy
138713562,0.09046188,29094.8,1558453912,buy
138713563,0.005,29094.8,1558453913,buy
138713567,0.1,29092.8,1558453923,buy
138713568,0.05667636,29073.7,1558453925,sell
138713569,0.00849267,29087.3,1558453927,buy
138713572,0.00849267,29086.9,1558453930,buy
138713575,0.019,29073.3,1558453937,sell
138713579,0.05889075,29086.2,1558453949,buy
138713592,0.0287536,29096.9,1558453958,sell
138713603,0.5,29097.2,1558453973,buy
138713604,0.03155768,29096.9,1558453976,sell
138713605,0.03155768,29096.9,1558453976,sell
138713606,0.03155768,29096.9,1558453976,sell
138713620,0.00847954,29096.9,1558453989,sell
138713621,0.00848222,29096.9,1558453991,sell
138713622,0.00375607,29096.9,1558453992,sell
138713623,0.00472436,29093.9,1558453992,sell
138713627,0.00847073,29084.7,1558454000,sell
138713629,0.00847073,29090.6,1558454001,sell
138713631,0.00847073,29096.9,1558454004,sell
138713640,0.01219351,29097.2,1558454010,buy
138713642,0.02734425,29097.2,1558454011,buy
138713643,0.01262148,29097.2,1558454011,buy
138713644,0.00846102,29096.9,1558454011,sell
138713647,0.00846102,29096.1,1558454013,sell
138713648,0.00845117,29082.2,1558454022,sell
138713649,0.00845117,29082.2,1558454023,sell
138713650,0.00845117,29082.2,1558454025,sell
138713651,0.00844166,29082.5,1558454032,sell
138713654,0.00844166,29082.5,1558454035,sell
138713657,0.01,29082.5,1558454040,sell
138713665,0.00843408,29082.5,1558454047,buy
138713671,2.694e-05,29082.5,1558454052,buy
138713672,0.00842399,29096.9,1558454055,sell
138713673,0.00842399,29096.9,1558454056,sell
138713674,0.00842399,29096.9,1558454058,sell
138713687,0.00841738,29094.6,1558454065,buy
138713713,0.00841738,29092.4,1558454067,buy
138713714,0.00158262,29091.7,1558454068,buy
138713715,0.00841738,29091.7,1558454068,buy
138713728,0.00615443,29084.0,1558454072,sell
138713734,0.00167722,29091.3,1558454076,buy
138713754,0.005,29095.0,1558454085,buy
138713763,0.39784026,29097.2,1558454096,buy
138713768,0.07341232,29100.5,1558454105,sell
138713786,0.62444353,29100.5,1558454114,buy
138713787,0.03059,29100.9,1558454119,buy
138713788,0.02579531,29100.9,1558454120,buy
138713812,0.03692511,29100.9,1558454144,sell
138713817,0.005,29100.9,1558454147,buy
138713847,0.05046139,29100.9,1558454175,buy
138713848,0.039,29100.9,1558454176,sell
138713849,0.0012619999999999999,29100.9,1558454181,sell
138713853,0.017037,29100.5,1558454187,sell
138713862,0.02743336,29100.9,1558454198,buy
138713863,0.01,29104.6,1558454198,buy
138713864,0.01,29111.5,1558454198,buy
138713865,0.04556664,29111.9,1558454198,buy
138713868,0.025,29111.9,1558454200,buy
138713873,0.005,29111.9,1558454206,buy
138713900,0.22829720000000003,29097.2,1558454217,sell
138713901,0.3,29092.4,1558454217,sell
138713902,0.02161713,29092.1,1558454217,sell
138713906,0.1,29085.8,1558454217,sell
138713904,0.4649,29087.7,1558454217,sell
138713905,0.02254442,29086.2,1558454217,sell
138713899,0.6990000000000001,29098.0,1558454217,sell
138713903,0.02311141,29088.8,1558454217,sell
138713898,0.06845411,29099.1,1558454217,sell
138713907,0.08180895,29084.0,1558454217,sell
138713896,0.02121977,29100.5,1558454217,sell
138713895,0.0218279,29100.5,1558454217,sell
138713894,0.02301934,29100.5,1558454217,sell
138713893,0.02178721,29100.5,1558454217,sell
138713892,0.02147266,29100.5,1558454217,sell
138713891,0.00596024,29100.5,1558454217,sell
138713890,0.27497966,29101.3,1558454217,sell
138713897,0.1,29100.2,1558454217,sell
138713912,0.02526325,29101.6,1558454223,buy
138713913,0.00163163,29098.0,1558454224,buy
138713920,2.2,29090.6,1558454246,sell
138713930,0.00408071,29079.2,1558454252,sell
138713931,0.00425269,29078.5,1558454253,sell
138713946,0.00240011,29072.6,1558454270,buy
138713950,0.00815906,29072.6,1558454270,buy
138713969,0.62530586,29072.2,1558454277,sell
138713977,0.00861098,29071.5,1558454280,sell
138713978,0.62486794,29069.7,1558454280,sell
138713980,0.62550189,29069.3,1558454280,sell
138713981,0.62590123,29068.2,1558454282,sell
138713982,0.62505709,29068.2,1558454282,sell
138713983,0.0194,29068.2,1558454284,buy
138713984,0.01202519,29067.8,1558454285,sell
138713985,0.12057481,29067.5,1558454285,sell
138713986,0.50391714,29067.5,1558454285,sell
138714011,0.005,29059.9,1558454300,buy
138714035,0.45454824,29069.3,1558454317,buy
138714041,0.5,29065.6,1558454324,buy
138714042,0.02544611,29067.5,1558454324,buy
138714043,0.10032416,29067.8,1558454324,buy
138714050,0.0192,29064.2,1558454345,buy
138714061,0.00699041,29064.2,1558454357,buy
138714062,0.00896387,29071.0,1558454368,sell
138714063,0.00368217,29070.8,1558454368,sell
138714084,0.4,29083.6,1558454392,buy
138714091,0.005,29085.5,1558454397,buy
138714139,0.12732733,29081.1,1558454408,buy
138714151,0.01,29081.1,1558454411,buy
138714159,0.00658659,29081.1,1558454414,buy
138714174,0.00210565,29081.1,1558454419,buy
138714182,0.00450544,29080.8,1558454424,sell
138714183,0.00523349,29080.8,1558454424,sell
138714184,0.00526107,29077.8,1558454424,sell
138714220,0.01704915,29067.5,1558454438,buy
138714232,5e-06,29067.5,1558454439,buy
138714230,0.15,29067.5,1558454439,buy
138714231,0.071995,29067.5,1558454439,buy
138714233,0.02311883,29071.0,1558454439,buy
138714236,0.02030485,29071.0,1558454439,buy
138714251,0.00368217,29070.4,1558454440,buy
138714252,0.03378109,29071.0,1558454440,buy
138714255,0.01249165,29071.0,1558454440,buy
138714264,0.00217617,29070.4,1558454443,buy
138714312,0.62419449,29057.6,1558454450,sell
138714311,0.62399561,29059.4,1558454450,sell
138714313,0.16951764,29055.4,1558454450,sell
138714310,0.62560835,29059.8,1558454450,sell
138714309,0.00189337,29064.2,1558454450,sell
138714308,0.62694808,29064.5,1558454450,sell
138714307,0.00484246,29067.3,1558454450,sell
138714306,0.1,29067.5,1558454450,sell
138714325,0.00314248,29055.4,1558454455,sell
138714326,0.02482568,29052.0,1558454455,sell
138714327,0.62513494,29051.3,1558454455,sell
138714328,0.62420441,29049.5,1558454455,sell
138714329,0.33069249,29048.4,1558454455,sell
138714357,0.015,29057.2,1558454469,buy
138714358,0.01744254,29057.0,1558454470,sell
138714362,0.04,29057.0,1558454475,sell
138714364,0.0087213,29057.0,1558454479,sell
138714378,0.01578619,29057.0,1558454487,sell
138714386,0.01135935,29048.7,1558454488,sell
138714383,0.00606298,29057.0,1558454488,sell
138714388,0.049277999999999995,29048.4,1558454488,sell
138714381,0.08927567,29057.0,1558454488,sell
138714402,0.02999442,29048.7,1558454491,buy
138714403,0.00821612,29048.7,1558454491,buy
138714436,0.00314321,29052.1,1558454503,sell
138714437,0.02288729,29052.0,1558454503,sell
138714439,0.12351204,29052.0,1558454504,sell
138714440,0.005,29052.0,1558454504,sell
138714443,0.00755543,29052.0,1558454506,sell
138714442,0.04860067,29052.0,1558454506,sell
138714444,0.0977592,29052.0,1558454506,sell
138714447,0.1101,29048.4,1558454507,sell
138714449,0.13517098,29048.4,1558454508,sell
138714450,0.04900994,29048.4,1558454508,sell
138714452,0.01135955,29048.7,1558454508,sell
138714453,0.00514265,29048.4,1558454508,sell
138714457,0.78530644,29048.4,1558454512,sell
138714459,0.59042562,29043.2,1558454512,sell
138714458,0.62426794,29046.5,1558454512,sell
138714461,0.03405539,29043.2,1558454519,sell
138714462,0.12036734,29043.2,1558454519,sell
138714466,0.03132675,29039.6,1558454524,sell
138714467,0.04452089,29039.6,1558454524,sell
138714468,0.04202045,29039.6,1558454525,sell
138714469,0.04299689,29039.6,1558454529,sell
138714476,0.00126329,29039.6,1558454537,sell
138714477,0.0061934,29039.6,1558454538,sell
138714479,0.55479094,29039.9,1558454542,buy
138714493,0.005,29039.9,1558454562,buy
138714496,0.027999999999999997,29039.6,1558454564,sell
138714503,0.01,29039.8,1558454571,buy
138714507,0.27122283,29039.6,1558454575,sell
138714506,0.42877717,29039.6,1558454575,sell
138714510,0.0315579,29039.6,1558454577,sell
138714523,0.10322309,29039.6,1558454578,sell
138714519,0.01899618,29039.6,1558454578,sell
138714525,0.00666628,29039.4,1558454578,sell
138714518,0.075,29039.6,1558454578,sell
138714527,0.62574838,29038.8,1558454579,sell
138714528,0.01135912,29038.5,1558454579,sell
138714529,0.62546942,29038.1,1558454579,sell
138714530,0.02121574,29037.7,1558454579,sell
138714537,0.00332649,29035.7,1558454582,sell
138714536,0.62524395,29035.9,1558454582,sell
138714540,0.005,29030.7,1558454583,buy
138714539,0.62580762,29032.9,1558454583,sell
138714538,0.62416494,29034.1,1558454583,sell
138714605,0.03,29005.4,1558454584,sell
138714612,0.03,29005.4,1558454584,sell
138714611,0.03,29005.4,1558454584,sell
138714610,0.03,29005.4,1558454584,sell
138714609,0.03,29005.4,1558454584,sell
138714608,0.03,29005.4,1558454584,sell
138714607,0.03,29005.4,1558454584,sell
138714606,0.03,29005.4,1558454584,sell
138714613,0.1,29004.7,1558454584,sell
138714604,0.03,29005.4,1558454584,sell
138714619,0.03,29001.7,1558454584,sell
138714602,0.03,29005.4,1558454584,sell
138714601,0.03,29005.4,1558454584,sell
138714600,0.03,29005.4,1558454584,sell
138714599,0.03,29005.4,1558454584,sell
138714598,0.03,29005.4,1558454584,sell
138714597,0.03,29009.1,1558454584,sell
138714596,0.03,29009.1,1558454584,sell
138714595,0.03,29009.1,1558454584,sell
138714594,0.03,29012.8,1558454584,sell
138714614,0.03,29001.7,1558454584,sell
138714603,0.03,29005.4,1558454584,sell
138714615,0.03,29001.7,1558454584,sell
138714629,0.03,29001.7,1558454584,sell
138714617,0.03,29001.7,1558454584,sell
138714620,0.03,29001.7,1558454584,sell
138714621,0.03,29001.7,1558454584,sell
138714622,0.03,29001.7,1558454584,sell
138714623,0.03,29001.7,1558454584,sell
138714624,0.03,29001.7,1558454584,sell
138714625,0.03,29001.7,1558454584,sell
138714626,0.03,29001.7,1558454584,sell
138714627,0.03,29001.7,1558454584,sell
138714628,0.03,29001.7,1558454584,sell
138714593,0.03,29012.8,1558454584,sell
138714630,0.03,29001.7,1558454584,sell
138714631,0.03,29001.7,1558454584,sell
138714632,0.03,29001.7,1558454584,sell
138714562,0.03,29020.1,1558454584,sell
138714634,0.03,29001.7,1558454584,sell
138714635,0.03,29001.7,1558454584,sell
138714636,0.03,29001.7,1558454584,sell
138714637,0.03,29001.7,1558454584,sell
138714638,0.5,29001.7,1558454584,sell
138714639,0.0025,29001.4,1558454584,sell
138714618,0.03,29001.7,1558454584,sell
138714616,0.03,29001.7,1558454584,sell
138714592,0.03,29012.8,1558454584,sell
138714561,0.03,29020.1,1558454584,sell
138714590,0.03,29012.8,1558454584,sell
138714563,0.03,29020.1,1558454584,sell
138714541,0.62472675,29030.4,1558454584,sell
138714542,0.62437499,29029.6,1558454584,sell
138714543,0.01135908,29027.8,1558454584,sell
138714544,0.03,29027.4,1558454584,sell
138714545,0.03,29027.4,1558454584,sell
138714546,0.03,29027.4,1558454584,sell
138714547,0.62402011,29024.1,1558454584,sell
138714548,0.62469855,29023.8,1558454584,sell
138714549,0.03,29020.1,1558454584,sell
138714564,0.62587197,29016.4,1558454584,sell
138714550,0.03,29020.1,1558454584,sell
138714552,0.03,29020.1,1558454584,sell
138714553,0.03,29020.1,1558454584,sell
138714554,0.03,29020.1,1558454584,sell
138714555,0.03,29020.1,1558454584,sell
138714556,0.03,29020.1,1558454584,sell
138714557,0.03,29020.1,1558454584,sell
138714558,0.03,29020.1,1558454584,sell
138714559,0.03,29020.1,1558454584,sell
138714560,0.03,29020.1,1558454584,sell
138714591,0.03,29012.8,1558454584,sell
138714551,0.03,29020.1,1558454584,sell
138714565,0.03,29016.4,1558454584,sell
138714633,0.03,29001.7,1558454584,sell
138714567,0.03,29016.4,1558454584,sell
138714589,0.03,29012.8,1558454584,sell
138714588,0.62548298,29012.8,1558454584,sell
138714587,0.23,29012.8,1558454584,sell
138714586,0.62509936,29015.7,1558454584,sell
138714585,0.03,29016.4,1558454584,sell
138714584,0.03,29016.4,1558454584,sell
138714583,0.03,29016.4,1558454584,sell
138714582,0.03,29016.4,1558454584,sell
138714581,0.03,29016.4,1558454584,sell
138714580,0.03,29016.4,1558454584,sell
138714579,0.03,29016.4,1558454584,sell
138714566,0.03,29016.4,1558454584,sell
138714577,0.03,29016.4,1558454584,sell
138714568,0.03,29016.4,1558454584,sell
138714569,0.03,29016.4,1558454584,sell
138714570,0.03,29016.4,1558454584,sell
138714571,0.03,29016.4,1558454584,sell
138714578,0.03,29016.4,1558454584,sell
138714573,0.03,29016.4,1558454584,sell
138714574,0.03,29016.4,1558454584,sell
138714575,0.03,29016.4,1558454584,sell
138714576,0.03,29016.4,1558454584,sell
138714572,0.03,29016.4,1558454584,sell
138714713,0.0038,28990.7,1558454586,sell
138714712,0.01,28994.4,1558454586,sell
138714711,0.02,28994.4,1558454586,sell
138714710,0.03,28994.4,1558454586,sell
138714709,0.03,28994.4,1558454586,sell
138714708,0.03,28994.4,1558454586,sell
138714707,0.03,28994.4,1558454586,sell
138714706,0.03,28994.4,1558454586,sell
138714705,0.03,28994.4,1558454586,sell
138714704,0.03,28994.4,1558454586,sell
138714702,0.03,28994.4,1558454586,sell
138714700,0.03,28994.4,1558454586,sell
138714699,0.03,28994.4,1558454586,sell
138714698,0.03,28994.4,1558454586,sell
138714697,0.03,28994.4,1558454586,sell
138714696,0.03,28998.1,1558454586,sell
138714695,0.03,28998.1,1558454586,sell
138714694,0.03,28998.1,1558454586,sell
138714703,0.03,28994.4,1558454586,sell
138714701,0.03,28994.4,1558454586,sell
138714727,0.015,28991.1,1558454590,buy
138714729,0.005,28990.7,1558454591,sell
138714735,0.002,28990.7,1558454595,sell
138714743,0.0058,28990.7,1558454597,sell
138714742,0.0092,28990.7,1558454597,sell
138714746,0.005,28990.7,1558454600,sell
138714748,0.0092,28990.7,1558454602,sell
138714749,0.02,28990.7,1558454602,sell
138714750,0.02,28990.7,1558454602,sell
138714751,0.02,28990.7,1558454602,sell
138714752,0.02,28990.7,1558454602,sell
138714753,0.0108,28990.7,1558454602,sell
138714754,0.01,28991.1,1558454604,buy
138714757,0.005784,28990.7,1558454606,sell
138714762,0.0034159999999999998,28990.7,1558454609,sell
138714763,0.02,28990.7,1558454609,sell
138714764,0.02,28990.7,1558454609,sell
138714765,0.03,28990.7,1558454609,sell
138714766,0.026583999999999997,28990.7,1558454609,sell
138714775,0.025,28991.1,1558454610,buy
138714826,0.005,28991.1,1558454617,buy
138714834,0.03,28990.7,1558454619,sell
138714835,0.03,28990.7,1558454619,sell
138714836,0.03,28990.7,1558454619,sell
138714837,0.0065840000000000004,28990.7,1558454619,sell
138714833,0.0034159999999999998,28990.7,1558454619,sell
138714841,0.0146175,28991.1,1558454620,buy
138714842,0.005,28991.1,1558454620,buy
138714851,0.023416,28990.7,1558454625,sell
138714852,0.010384000000000001,28990.7,1558454625,sell
138714857,0.005,28991.0,1558454627,buy
138714859,0.015,28990.7,1558454627,sell
138714874,0.01447159,28990.7,1558454628,sell
138714872,0.00749319,28990.7,1558454628,sell
138714873,0.02250681,28990.7,1558454628,sell
138714871,0.0046159999999999994,28990.7,1558454628,sell
138714885,0.01552841,28990.7,1558454633,sell
138714898,0.55549216,28990.7,1558454633,sell
138714897,0.62,28990.7,1558454633,sell
138714896,0.000638,28990.7,1558454633,sell
138714895,0.134,28990.7,1558454633,sell
138714894,0.03,28990.7,1558454633,sell
138714888,0.03,28990.7,1558454633,sell
138714892,0.03,28990.7,1558454633,sell
138714891,0.03,28990.7,1558454633,sell
138714890,0.03,28990.7,1558454633,sell
138714889,0.03,28990.7,1558454633,sell
138714887,0.03,28990.7,1558454633,sell
138714893,0.03,28990.7,1558454633,sell
138714886,0.03,28990.7,1558454633,sell
138714919,0.02,28987.0,1558454634,sell
138714920,0.02,28987.0,1558454634,sell
138714921,0.02,28987.0,1558454634,sell
138714922,0.02,28987.0,1558454634,sell
138714923,0.02,28987.0,1558454634,sell
138714926,0.02,28987.0,1558454634,sell
138714918,0.02,28987.0,1558454634,sell
138714927,0.02,28987.0,1558454634,sell
138714928,0.02,28987.0,1558454634,sell
138714930,0.02250004,28987.0,1558454634,sell
138714924,0.02,28987.0,1558454634,sell
138714917,0.02,28987.0,1558454634,sell
138714929,0.03,28987.0,1558454634,sell
138714915,0.02,28987.0,1558454634,sell
138714916,0.02,28987.0,1558454634,sell
138714903,0.47250784,28990.7,1558454634,sell
138714904,0.02280982,28990.7,1558454634,sell
138714905,0.02280866,28990.7,1558454634,sell
138714906,0.0068315,28990.6,1558454634,sell
138714907,0.00754214,28987.4,1558454634,sell
138714925,0.02,28987.0,1558454634,sell
138714909,0.02,28987.0,1558454634,sell
138714910,0.02,28987.0,1558454634,sell
138714911,0.015,28987.0,1558454634,sell
138714912,0.02,28987.0,1558454634,sell
138714913,0.02,28987.0,1558454634,sell
138714914,0.02,28987.0,1558454634,sell
138714908,0.02,28987.0,1558454634,sell
138714932,0.005,28987.4,1558454635,sell
138714933,0.005,28987.4,1558454635,sell
138714941,0.2264,28989.2,1558454640,sell
138714951,0.01,28987.8,1558454645,buy
138714952,0.02,28987.8,1558454646,sell
138714953,0.005,28987.8,1558454647,sell
138714954,0.34936103,28988.1,1558454650,buy
138714955,0.34963897,28988.1,1558454650,buy
138714957,0.005,28989.6,1558454652,buy
138714968,0.005,28990.7,1558454662,buy
138714983,0.02828626,28990.3,1558454668,sell
138714982,0.00866611,28990.4,1558454668,sell
138714984,0.01219591,28990.3,1558454668,sell
138715020,0.00297619,28990.4,1558454671,sell
138715023,0.00380131,28990.4,1558454671,sell
138715027,0.00412455,28990.4,1558454671,sell
138715016,0.00387794,28990.4,1558454671,sell
138715019,0.00112206,28990.4,1558454671,sell
138715030,0.00404559,28990.4,1558454672,sell
138715033,0.00415665,28990.4,1558454672,sell
138715044,0.00394889,28990.4,1558454674,sell
138715047,0.00504354,28990.7,1558454674,buy
138715048,0.00495646,28993.7,1558454674,buy
138715049,0.00390559,28990.4,1558454674,sell
138715037,0.00412255,28990.4,1558454674,sell
138715054,0.00390141,28992.6,1558454675,sell
138715055,0.005,29006.5,1558454675,buy
138715061,0.00403931,28992.6,1558454675,sell
138715064,0.00396207,28992.6,1558454675,sell
138715066,0.005,28998.8,1558454678,buy
138715079,0.03254951,28997.7,1558454698,buy
138715083,0.02,28997.7,1558454704,buy
138715091,0.05648408,28997.7,1558454711,buy
138715094,0.00434315,28997.4,1558454715,sell
138715095,0.00065685,28997.4,1558454715,sell
138715096,0.11366262,28997.7,1558454716,buy
138715098,0.025,28997.7,1558454719,buy
138715100,0.00459158,28997.4,1558454722,sell
138715101,0.0025,28997.4,1558454722,sell
138715102,0.0007599,28997.3,1558454722,sell
138715103,0.005,28997.0,1558454722,sell
138715110,0.00180887,28992.1,1558454730,sell
138715123,0.47230984,28993.3,1558454734,buy
138715122,0.03629622,28992.5,1558454734,buy
138715117,0.2,28992.2,1558454734,buy
138715120,0.1,28992.2,1558454734,buy
138715121,0.37,28992.2,1558454734,buy
138715118,0.92139394,28992.2,1558454734,buy
138715119,0.1,28992.2,1558454734,buy
138715128,0.6990000000000001,28992.2,1558454736,sell
138715138,0.005,28993.3,1558454745,buy
138715161,0.05686232,28993.7,1558454760,buy
138715165,0.01,28993.7,1558454762,buy
138715173,0.00788533,28993.3,1558454770,sell
138715174,0.00831406,28993.3,1558454770,sell
138715175,0.1,28993.7,1558454770,buy
138715176,0.2,29005.0,1558454771,sell
138715177,0.01135887,29005.0,1558454771,sell
138715179,0.1,29004.7,1558454771,sell
138715180,0.38344164,29004.3,1558454771,sell
138715181,0.36161652,29002.1,1558454771,sell
138715182,0.01407135,28998.4,1558454771,sell
138715183,0.05594243,28997.8,1558454771,sell
138715184,0.51919337,28997.3,1558454771,sell
138715178,0.1,29004.7,1558454771,sell
138715223,0.005,29008.7,1558454811,buy
138715229,0.002,28999.2,1558454812,sell
138715226,0.005,28999.2,1558454812,sell
138715228,0.00125892,28999.2,1558454812,sell
138715230,0.01,28999.2,1558454818,sell
138715231,0.03602274,28999.2,1558454818,sell
138715232,0.01,29006.9,1558454819,buy
138715234,0.22,29010.2,1558454828,sell
138715235,0.12924615,29010.2,1558454828,sell
138715258,0.002668,29011.7,1558454836,sell
138715281,0.03037851,29012.8,1558454851,buy
138715282,0.06621215,29012.8,1558454851,buy
138715286,0.16974327,29012.8,1558454856,buy
138715287,0.05665673,29012.8,1558454856,buy
138715289,0.04334327,29012.8,1558454858,buy
138715290,0.2,29012.8,1558454858,buy
138715291,0.75665673,29012.8,1558454858,buy
138715303,0.005,29025.2,1558454873,buy
138715313,0.154896,29022.3,1558454878,sell
138715325,0.005,29042.5,1558454884,buy
138715342,0.005,29050.2,1558454889,sell
138715347,0.005,29056.1,1558454891,buy
138715365,0.01315144,29053.5,1558454902,sell
138715366,0.0846,29053.5,1558454902,sell
138715378,0.005,29045.1,1558454911,buy
138715379,0.00657025,29044.9,1558454912,sell
138715380,0.5632414000000001,29044.3,1558454912,sell
138715382,0.005,29018.3,1558454915,sell
138715400,0.005,29026.3,1558454937,buy
138715414,0.08049183,29057.2,1558454950,buy
138715413,0.91950817,29056.8,1558454950,buy
138715437,0.0013310000000000002,29056.4,1558454957,sell
138715442,0.00719855,29056.4,1558454959,sell
138715444,0.0055,29023.0,1558454964,buy
138715454,0.05,29034.8,1558454973,buy
138715463,0.005,29035.9,1558455006,sell
138715469,0.03694057,29036.3,1558455008,sell
138715475,0.05050071,29047.3,1558455034,sell
138715474,0.00949929,29047.4,1558455034,sell
138715478,0.005,29047.6,1558455041,buy
138715480,0.025,29047.6,1558455045,buy
138715485,0.03510401,29053.5,1558455061,sell
138715486,0.19868656,29053.5,1558455061,sell
138715487,0.58906186,29055.7,1558455062,sell
138715498,0.1,29055.4,1558455067,sell
138715500,0.0013369999999999999,29056.8,1558455081,sell
138715503,0.00061104,29056.8,1558455084,sell
138715504,0.0006,29056.8,1558455084,sell
138715507,0.05,29056.8,1558455084,buy
138715508,0.01950817,29057.2,1558455084,buy
138715509,0.3098497,29059.8,1558455084,buy
138715539,0.004,29074.8,1558455122,sell
138715540,0.002,29074.8,1558455122,sell
138715557,0.01057833,29075.2,1558455126,buy
138715554,0.02,29075.2,1558455126,buy
138715556,0.01474014,29075.2,1558455126,buy
138715555,0.00525986,29075.2,1558455126,buy
138715560,0.00942167,29075.2,1558455127,buy
138715583,0.02,29086.2,1558455127,buy
138715582,0.02,29086.2,1558455127,buy
138715581,0.02,29086.2,1558455127,buy
138715580,0.02,29082.5,1558455127,buy
138715579,0.02,29082.5,1558455127,buy
138715578,0.02,29082.5,1558455127,buy
138715577,0.02,29082.5,1558455127,buy
138715576,0.02,29082.5,1558455127,buy
138715575,0.02,29082.5,1558455127,buy
138715574,0.02,29082.5,1558455127,buy
138715563,0.02,29078.9,1558455127,buy
138715572,0.02,29082.5,1558455127,buy
138715561,0.01135828,29077.8,1558455127,buy
138715573,0.02,29082.5,1558455127,buy
138715564,0.02,29078.9,1558455127,buy
138715565,0.02,29078.9,1558455127,buy
138715566,0.02,29082.5,1558455127,buy
138715562,0.61169768,29078.1,1558455127,buy
138715568,0.02,29082.5,1558455127,buy
138715569,0.02,29082.5,1558455127,buy
138715570,0.02,29082.5,1558455127,buy
138715571,0.02,29082.5,1558455127,buy
138715567,0.02,29082.5,1558455127,buy
138715642,0.02,29100.9,1558455148,buy
138715636,0.02,29100.9,1558455148,buy
138715637,0.02,29100.9,1558455148,buy
138715638,0.02,29100.9,1558455148,buy
138715639,0.02,29100.9,1558455148,buy
138715640,0.02,29100.9,1558455148,buy
138715641,0.02,29100.9,1558455148,buy
138715643,0.02,29100.9,1558455148,buy
138715648,0.02,29104.6,1558455148,buy
138715645,0.02,29100.9,1558455148,buy
138715646,0.02,29104.6,1558455148,buy
138715647,0.02,29104.6,1558455148,buy
138715634,0.02,29100.9,1558455148,buy
138715649,0.02,29104.6,1558455148,buy
138715650,0.02,29104.6,1558455148,buy
138715651,0.02,29104.6,1558455148,buy
138715652,0.15826403,29104.6,1558455148,buy
138715653,0.03506103,29107.9,1558455148,buy
138715644,0.02,29100.9,1558455148,buy
138715633,0.01531827,29099.1,1558455148,buy
138715635,0.02,29100.9,1558455148,buy
138715631,0.02,29097.2,1558455148,buy
138715611,0.02,29089.9,1558455148,buy
138715612,0.02,29089.9,1558455148,buy
138715632,0.02,29097.2,1558455148,buy
138715614,0.02,29089.9,1558455148,buy
138715615,0.02,29089.9,1558455148,buy
138715616,0.02,29089.9,1558455148,buy
138715617,0.02,29089.9,1558455148,buy
138715618,0.02,29089.9,1558455148,buy
138715619,0.02,29089.9,1558455148,buy
138715613,0.02,29089.9,1558455148,buy
138715621,0.02,29093.5,1558455148,buy
138715620,0.01135667,29093.2,1558455148,buy
138715630,0.02,29097.2,1558455148,buy
138715629,0.02,29097.2,1558455148,buy
138715627,0.02,29097.2,1558455148,buy
138715628,0.02,29097.2,1558455148,buy
138715625,0.02,29093.5,1558455148,buy
138715624,0.02,29093.5,1558455148,buy
138715623,0.02,29093.5,1558455148,buy
138715626,0.02,29093.5,1558455148,buy
138715622,0.02,29093.5,1558455148,buy
138715660,0.005,29094.3,1558455151,sell
138715663,0.005,29092.1,1558455154,sell
138715665,0.01222845,29089.6,1558455155,sell
138715664,0.91792181,29089.9,1558455155,sell
138715678,0.033,29076.7,1558455157,buy
138715673,0.13178555,29076.7,1558455157,buy
138715685,0.00611422,29076.5,1558455158,sell
138715686,0.07567786,29076.3,1558455158,sell
138715684,0.91820792,29076.7,1558455158,sell
138715737,0.8590000000000001,29086.2,1558455194,buy
138715763,0.00096804,29086.2,1558455202,buy
138715775,0.00313947,29085.9,1558455214,sell
138715776,0.00186053,29085.8,1558455214,sell
138715779,0.00217207,29086.2,1558455219,buy
138715797,0.01,29086.2,1558455237,buy
138715855,0.0018,29086.2,1558455296,buy
138715854,0.12475658,29086.2,1558455296,buy
138715857,0.020275,29086.2,1558455298,buy
138715866,0.00110843,29084.0,1558455311,sell
138715865,0.00067844,29084.3,1558455311,buy
138715869,0.005,29084.0,1558455317,sell
138715890,0.07406010000000002,29074.8,1558455330,buy
138715889,0.0121311,29074.8,1558455330,buy
138715901,0.00631267,29084.4,1558455355,buy
138715902,0.01896508,29080.3,1558455355,sell
138715903,0.005,29079.2,1558455357,sell
138715909,0.061,29068.2,1558455365,buy
138715910,0.005,29075.5,1558455369,buy
138715911,0.038,29069.3,1558455370,sell
138715913,1.0,29068.9,1558455370,sell
138715914,0.3384284,29068.9,1558455370,sell
138715915,0.03,29067.8,1558455370,sell
138715916,0.04205318,29067.8,1558455370,sell
138715912,0.00146426,29069.3,1558455370,sell
138715919,0.02,29067.5,1558455377,sell
138715923,0.06614930000000001,29067.8,1558455386,buy
138715924,0.24104379,29067.8,1558455386,buy
138715925,0.02326488,29067.8,1558455387,buy
138715926,0.005,29067.8,1558455395,buy
138715927,0.30609495,29067.8,1558455398,buy
138715928,0.29964338,29067.8,1558455398,buy
138715936,0.00808,29067.8,1558455403,buy
138715938,0.17,29067.5,1558455408,sell
138715939,1.0,29067.5,1558455408,sell
138715940,0.72660204,29067.5,1558455408,sell
138715941,0.552,29067.8,1558455408,buy
138715942,0.09965591,29067.8,1558455408,buy
138715943,0.005,29074.8,1558455409,sell
138715947,0.01135588,29067.8,1558455424,sell
138715948,0.10479793,29067.8,1558455424,buy
138715963,0.01,29068.2,1558455446,sell
138715973,0.03864403,29068.9,1558455471,sell
138715972,0.00135597,29068.9,1558455471,sell
138715976,0.005,29072.2,1558455473,sell
138715984,0.005,29070.4,1558455479,sell
138715985,0.011000000000000001,29069.7,1558455485,sell
138715989,0.09252467,29083.6,1558455494,buy
138715988,0.00447533,29083.3,1558455494,buy
138715991,0.00629954,29074.1,1558455496,sell
138715992,0.04370046,29073.7,1558455496,sell
138716003,0.01,29107.1,1558455520,sell
138716052,0.00105151,29106.4,1558455528,buy
138716051,0.10489175,29106.4,1558455528,buy
138716049,0.00763238,29106.8,1558455528,buy
138716044,0.00793487,29106.8,1558455528,buy
138716035,0.02106983,29106.8,1558455528,buy
138716033,0.00855185,29106.8,1558455528,buy
138716032,0.01252186,29106.8,1558455528,buy
138716054,0.01301225,29105.3,1558455529,sell
138716062,0.01,29079.2,1558455547,buy
138716063,0.053,29078.9,1558455547,sell
138716061,0.005,29078.9,1558455547,sell
138716064,0.047,29078.9,1558455547,sell
138716078,0.00672249,29078.9,1558455556,sell
138716079,0.12327751,29077.7,1558455556,sell
138716086,0.1,29069.7,1558455566,buy
138716106,0.08252467,29085.1,1558455585,sell
138716154,0.00930351,29069.3,1558455611,sell
138716151,0.01817981,29069.7,1558455611,buy
138716147,0.0018,29069.7,1558455611,buy
138716137,0.01577,29069.3,1558455611,sell
138716162,0.04024931,29069.3,1558455618,buy
138716163,0.00335874,29092.9,1558455628,sell
138716177,0.0031412,29077.7,1558455662,sell
138716178,0.006858800000000001,29074.8,1558455662,sell
138716179,0.021,29075.5,1558455665,buy
138716196,0.00534772,29075.3,1558455672,sell
138716197,0.02426421,29075.2,1558455672,sell
138716202,0.6990000000000001,29068.9,1558455672,buy
138716199,0.01213062,29075.2,1558455672,sell
138716200,0.1431412,29074.8,1558455672,sell
138716198,0.02426416,29075.2,1558455672,sell
138716205,0.04418791,29068.2,1558455679,buy
138716210,0.39612735,29068.2,1558455687,sell
138716207,0.15571918,29068.9,1558455687,sell
138716209,1.0,29068.2,1558455687,sell
138716211,0.6990000000000001,29068.2,1558455687,sell
138716208,0.07699497,29068.7,1558455687,sell
138716212,0.01,29068.2,1558455692,buy
138716215,1.81658959,29067.8,1558455696,sell
138716216,0.00026815,29067.5,1558455696,sell
138716214,0.00314226,29067.9,1558455696,sell
138716217,0.09973185,29067.5,1558455704,sell
138716225,0.01749064,29062.0,1558455707,sell
138716235,0.005,29057.6,1558455718,buy
138716232,0.0120909,29057.2,1558455718,sell
138716241,0.036000000000000004,29057.6,1558455729,buy
138716240,0.015,29057.6,1558455729,buy
138716242,0.00447248,29066.0,1558455737,sell
138716249,0.00634371,29065.8,1558455743,sell
138716248,0.00865629,29065.6,1558455743,sell
138716247,0.00485931,29066.0,1558455743,buy
138716251,0.01001866,29060.5,1558455745,sell
138716250,0.01498134,29063.4,1558455745,sell
138716260,0.03684625,29060.5,1558455747,sell
138716258,0.01208379,29060.5,1558455747,sell
138716271,0.01499591,29059.4,1558455748,sell
138716292,0.00317573,29058.4,1558455788,sell
138716293,0.00523822,29058.4,1558455788,sell
138716294,0.2,29056.8,1558455791,sell
138716296,0.01000593,29056.5,1558455791,sell
138716295,0.00420875,29056.8,1558455791,sell
138716306,0.67145659,29053.1,1558455829,sell
138716305,0.00314341,29055.2,1558455829,sell
138716307,0.01,29050.6,1558455842,sell
138716309,0.03,29049.5,1558455842,sell
138716308,0.076,29050.6,1558455842,sell
138716316,0.05,29049.5,1558455852,buy
138716315,0.04634313,29048.4,1558455852,sell
138716314,0.42042669,29048.4,1558455852,sell
138716320,0.10800000000000001,29048.0,1558455862,sell
138716319,0.08,29049.1,1558455862,sell
138716318,0.196,29049.1,1558455862,sell
138716343,0.00578698,29049.1,1558455890,buy
138716341,0.0018,29049.1,1558455890,buy
138716344,0.0018,29049.1,1558455890,buy
138716357,0.00839894,29048.0,1558455912,buy
138716363,0.005,29046.2,1558455919,sell
138716413,0.02948348,29046.2,1558455950,sell
138716412,0.0025,29046.2,1558455950,sell
138716411,0.00601531,29046.2,1558455950,sell
138716436,0.05330841,29045.8,1558455956,sell
138716435,0.01086472,29046.2,1558455956,sell
138716432,0.02172174,29046.2,1558455956,sell
138716431,0.02172261,29046.2,1558455956,sell
138716430,0.029177999999999996,29046.2,1558455956,sell
138716429,0.96958573,29046.2,1558455956,sell
138716428,0.88936114,29046.2,1558455956,sell
138716448,0.15,29045.8,1558455960,sell
138716463,0.00314,29045.0,1558455966,sell
138716462,0.91909178,29045.1,1558455966,sell
138716464,4.03e-06,29045.0,1558455967,sell
138716465,0.00313597,29044.7,1558455967,sell
138716466,0.09686,29044.7,1558455967,sell
138716467,0.00314,29045.0,1558455967,sell
138716468,0.00108619,29045.0,1558455967,sell
138716469,4.03e-06,29044.7,1558455967,sell
138716470,0.01022978,29042.5,1558455967,sell
138716475,0.02,29031.1,1558455969,sell
138716471,0.6990000000000001,29031.5,1558455969,sell
138716472,0.0037021999999999997,29031.5,1558455969,sell
138716481,0.03,29027.4,1558455970,sell
138716482,0.03,29027.4,1558455970,sell
138716478,0.005,29027.4,1558455970,sell
138716480,0.025,29027.4,1558455970,sell
138716484,0.03,29023.8,1558455971,sell
138716485,0.03,29023.8,1558455971,sell
138716486,0.03,29023.8,1558455971,sell
138716487,0.34335617,29020.8,1558455971,sell
138716492,0.005,29013.9,1558455972,sell
138716495,0.05706773,29014.2,1558455973,buy
138716496,0.05706773,29013.9,1558455973,buy
138716497,0.05706773,29014.2,1558455974,buy
138716499,0.01902257,29014.2,1558455975,buy
138716500,0.01902257,29014.2,1558455975,buy
138716501,0.005,29013.9,1558455976,sell
138716502,0.01902257,29014.2,1558455976,buy
138716503,0.01902257,29014.2,1558455976,buy
138716505,0.58133656,29014.2,1558455977,buy
138716504,0.005,29014.2,1558455977,buy
138716506,0.44836617,29014.2,1558455978,buy
138716508,0.41558214,29027.1,1558455988,sell
138716509,0.01231417,29026.3,1558455989,buy
138716516,0.00185368,29013.5,1558456007,sell
138716515,0.00314632,29020.4,1558456007,sell
138716520,0.068565,29017.9,1558456024,sell
138716519,0.09659066,29017.9,1558456024,sell
138716529,0.012,29015.0,1558456033,buy
138716528,0.025,29015.0,1558456033,buy
138716527,0.045,29015.0,1558456033,buy
138716532,0.005,29015.0,1558456041,buy
138716536,0.005,29020.5,1558456054,buy
138716537,0.005,29020.5,1558456060,buy
138716551,0.20344228,29020.1,1558456095,sell
138716550,0.04655772,29020.4,1558456095,sell
138716562,0.02078179,29020.1,1558456137,sell
138716563,0.025,29020.5,1558456142,buy
138716570,0.005,29020.5,1558456158,buy
138716577,0.01027154,29020.1,1558456162,sell
138716576,0.1,29020.1,1558456162,sell
138716578,0.13972846,29020.1,1558456162,sell
138716584,0.085176,29020.5,1558456163,buy
138716585,0.053676,29020.5,1558456163,buy
138716586,0.014868000000000001,29020.5,1558456164,buy
138716587,0.07327166,29020.5,1558456164,buy
138716589,0.01002435,29020.5,1558456165,buy
138716588,0.0777135,29020.5,1558456165,buy
138716592,0.0726835,29020.5,1558456165,buy
138716593,0.07820706,29020.5,1558456165,buy
138716594,0.15135217,29020.5,1558456165,buy
138716595,0.16375394,29020.5,1558456165,buy
138716590,0.01746257,29020.5,1558456165,buy
138716591,0.01746118,29020.5,1558456165,buy
138716597,0.01209504,29020.5,1558456166,buy
138716601,0.25,29020.1,1558456169,sell
138716599,0.01,29020.5,1558456169,buy
138716600,0.0235,29020.1,1558456169,sell
138716606,0.02054488,29020.5,1558456173,buy
138716612,0.07032629,29020.5,1558456178,buy
138716613,0.17879214,29023.4,1558456178,buy
138716615,0.25,29039.2,1558456180,sell
138716617,0.25,29045.1,1558456190,sell
138716624,0.0018,29045.4,1558456198,buy
138716625,0.0312,29045.4,1558456198,buy
138716626,0.03715452,29052.0,1558456198,buy
138716629,0.0426143,29052.0,1558456198,buy
138716633,0.15,29046.2,1558456201,sell
138716638,0.15,29048.7,1558456211,sell
138716639,0.005,29048.0,1558456214,sell
138716642,0.005,29050.2,1558456228,buy
138716644,0.14678865,29049.8,1558456232,sell
138716643,0.02121135,29049.9,1558456232,sell
138716646,0.005,29064.2,1558456243,buy
138716648,0.00061126,29059.8,1558456248,buy
138716649,0.0072,29057.3,1558456272,sell
138716684,0.19,29062.0,1558456296,sell
138716693,0.00121319,29074.8,1558456306,buy
138716692,0.01135427,29074.1,1558456306,buy
138716697,0.00367083,29074.1,1558456315,buy
138716720,1.07675275,29074.1,1558456331,buy
138716719,0.19999999,29073.3,1558456331,buy
138716718,0.99723535,29073.0,1558456331,buy
138716721,0.005,29077.4,1558456337,buy
138716724,0.02,29076.7,1558456344,buy
138716726,0.005,29077.0,1558456347,buy
138716732,0.01,29077.0,1558456363,buy
138716734,0.01,29076.7,1558456367,buy
138716743,0.025,29076.7,1558456371,buy
138716746,0.07123269,29062.2,1558456373,sell
138716745,0.01134521,29068.2,1558456373,sell
138716744,0.017422099999999996,29076.6,1558456373,sell
138716752,0.005,29054.8,1558456393,sell
138716753,0.00428491,29055.0,1558456396,buy
138716755,0.00724047,29054.6,1558456397,sell
138716754,0.00375953,29054.8,1558456397,sell
138716756,0.005,29064.9,1558456399,buy
138716759,0.00287175,29060.5,1558456403,buy
138716766,0.04745289,29050.2,1558456436,sell
138716765,0.08222486,29050.2,1558456436,sell
138716764,0.00439225,29050.3,1558456436,sell
138716768,0.01593829,29037.7,1558456440,buy
138716771,0.005,29037.7,1558456450,buy
138716773,0.00432347,29037.7,1558456453,buy
138716772,0.00314488,29037.7,1558456453,buy
138716775,0.01261961,29056.5,1558456462,buy
138716784,0.0038,29063.4,1558456480,buy
138716793,0.0015279999999999998,29062.9,1558456498,buy
138716796,0.00085767,29062.5,1558456504,sell
138716795,0.00094064,29062.7,1558456504,sell
138716807,0.0034,29062.7,1558456522,buy
138716815,0.0115114,29043.2,1558456558,sell
138716814,0.00566694,29062.5,1558456558,sell
138716813,0.00282166,29062.5,1558456558,sell
138716816,0.71707773,29042.1,1558456567,buy
138716817,0.28292227,29042.1,1558456567,buy
138716830,0.00950435,29049.8,1558456586,sell
138716832,0.0026028,29049.5,1558456586,sell
138716833,0.0255861,29049.5,1558456586,sell
138716838,0.00677635,29049.8,1558456588,buy
138716849,0.03690575,29049.5,1558456593,sell
138716850,0.01258251,29049.8,1558456593,buy
138716855,0.012468,29049.5,1558456595,sell
138716863,3e-07,29049.8,1558456629,buy
138716867,0.005,29049.8,1558456635,buy
138716869,0.015,29049.8,1558456640,buy
138716868,0.039,29049.8,1558456640,buy
138716871,0.00476696,29049.4,1558456642,sell
138716872,0.00523991,29049.4,1558456642,sell
138716870,0.12243735,29049.5,1558456642,sell
138716878,0.25,29038.5,1558456683,buy
138716889,0.00179831,29038.3,1558456715,sell
138716890,0.07167825,29038.5,1558456716,buy
138716895,0.04151835,29036.6,1558456718,sell
138716893,0.00323908,29038.3,1558456718,sell
138716894,0.00524257,29038.3,1558456718,sell
138716896,0.02673907,29034.8,1558456723,sell
138716897,0.01,29035.2,1558456723,buy
138716901,0.78774842,29017.9,1558456726,sell
138716902,0.025,29017.9,1558456726,sell
138716903,0.128,29017.9,1558456726,sell
138716904,2.60196776,29017.9,1558456726,sell
138716906,0.005,29018.3,1558456728,buy
138716908,0.01575919,29019.0,1558456736,sell
138716925,0.48955406,29019.4,1558456752,sell
138716924,0.00524532,29019.5,1558456752,sell
138716923,0.00520062,29019.5,1558456752,sell
138716926,0.01836012,29042.1,1558456756,buy
138716928,0.005,29041.8,1558456762,sell
138716942,0.04534935,29041.8,1558456776,buy
138716940,0.005,29041.8,1558456776,buy
138716949,0.01159824,29031.5,1558456780,sell
138716948,0.26,29031.8,1558456780,sell
138716947,0.00514702,29041.6,1558456780,sell
138716946,0.2,29041.8,1558456780,sell
138716945,1.0,29041.8,1558456780,sell
138716950,0.22043747,29030.0,1558456780,sell
138716955,1.0,29041.0,1558456799,sell
138716976,0.02504199,29042.1,1558456836,buy
138716980,0.00179831,29042.0,1558456852,sell
138716981,0.5,29042.1,1558456853,buy
138716984,0.40238229,29049.5,1558456858,buy
138716985,0.58104991,29067.8,1558456858,buy
138716983,0.5165678,29042.1,1558456858,buy
138716986,0.005,29058.7,1558456868,buy
138716990,0.01135419,29071.5,1558456881,buy
138716988,0.00361221,29055.9,1558456881,buy
138716991,0.39054761,29071.9,1558456881,buy
138716989,0.2,29060.9,1558456881,buy
138716999,0.027999999999999997,29069.3,1558456894,sell
138716998,0.07200000000000001,29070.8,1558456894,sell
138717004,0.1,29067.1,1558456903,buy
138717001,0.00314286,29062.1,1558456903,buy
138717002,0.01965066,29063.8,1558456903,buy
138717007,0.5,29073.0,1558456903,buy
138717006,0.01135347,29072.6,1558456903,buy
138717005,1.0,29068.6,1558456903,buy
138717003,0.1,29065.3,1558456903,buy
138717008,0.005,29075.2,1558456904,sell
138717009,0.005,29075.2,1558456918,sell
138717016,0.00179831,29077.3,1558456934,sell
138717025,0.00064805,29087.7,1558456944,buy
138717024,0.01135195,29087.3,1558456944,buy
138717023,0.01665979,29087.7,1558456944,buy
138717022,0.01078515,29087.3,1558456944,buy
138717021,0.01201316,29078.9,1558456944,buy
138717020,0.0055419,29078.5,1558456944,buy
138717028,0.011000000000000001,29090.6,1558456954,buy
138717039,0.00075747,29090.2,1558456989,sell
138717043,0.00386044,29090.6,1558456995,buy
138717042,0.00313956,29090.4,1558456995,buy
138717053,0.015,29090.6,1558457016,buy
138717063,0.0941574,29090.2,1558457022,sell
138717064,0.005,29090.6,1558457026,buy
138717078,0.01,29090.6,1558457043,buy
138717087,0.46613956,29090.6,1558457051,buy
138717088,0.00647195,29090.8,1558457051,buy
138717089,0.01135121,29100.5,1558457051,buy
138717090,0.00563583,29100.9,1558457051,buy
138717091,0.00819847,29100.9,1558457051,buy
138717092,0.005,29100.9,1558457053,buy
138717095,0.02,29100.9,1558457054,buy
138717094,0.02,29100.9,1558457054,buy
138717093,0.00680153,29100.9,1558457054,buy
138717100,0.00328549,29104.1,1558457062,buy
138717101,0.01135031,29104.2,1558457062,buy
138717102,1.17116231,29104.2,1558457062,buy
138717099,0.02325337,29104.1,1558457062,buy
138717126,0.1,29086.2,1558457082,sell
138717125,0.02830784,29103.8,1558457082,sell
138717136,0.5,29053.5,1558457097,buy
138717164,0.0009960000000000001,29053.9,1558457113,sell
138717175,0.02520353,29022.7,1558457122,buy
138717176,0.01011969,29022.3,1558457123,sell
138717177,0.05682257,29026.7,1558457123,buy
138717183,0.015,29027.0,1558457126,sell
138717201,0.012083,29065.6,1558457133,sell
138717208,0.01208759,29066.4,1558457134,sell
138717205,0.03687157,29066.4,1558457134,sell
138717210,0.031492200000000005,29064.5,1558457135,sell
138717226,0.03691996,29039.2,1558457145,sell
138717224,0.012100299999999998,29039.2,1558457145,sell
138717239,0.005,29037.0,1558457157,sell
138717247,0.29763540000000005,29028.9,1558457181,sell
138717246,0.05984803,29037.0,1558457181,sell
138717250,0.06,29041.4,1558457201,sell
138717255,0.06712862,29044.7,1558457209,sell
138717276,0.1,29044.0,1558457217,sell
138717279,0.0006,29050.6,1558457218,buy
138717291,0.00403223,29041.8,1558457219,sell
138717290,0.0006,29042.1,1558457219,sell
138717289,0.00746565,29042.1,1558457219,sell
138717300,0.01,29045.1,1558457238,buy
138717302,0.00255732,29044.7,1558457243,sell
138717311,0.0006,29049.8,1558457280,sell
138717310,0.0006,29049.8,1558457280,sell
138717312,0.0012,29049.8,1558457286,sell
138717328,0.01209621,29049.8,1558457289,sell
138717389,0.005,29051.6,1558457332,buy
138717398,0.00327057,29053.9,1558457337,buy
138717397,0.00172943,29051.6,1558457337,buy
138717401,0.0012,29061.9,1558457346,buy
138717429,0.011000000000000001,29061.6,1558457368,sell
138717460,0.07821248,29064.2,1558457392,buy
138717461,0.09363052,29064.2,1558457392,buy
138717458,0.00219353,29061.9,1558457392,buy
138717462,0.05854795,29064.2,1558457392,buy
138717459,0.00583703,29061.9,1558457392,buy
138717464,0.25149629,29064.9,1558457392,buy
138717463,0.0100822,29064.2,1558457392,buy
138717471,0.0006,29065.6,1558457400,sell
138717477,0.12769949,29052.8,1558457402,sell
138717476,0.00730051,29062.3,1558457402,sell
138717486,0.00338684,29054.6,1558457412,buy
138717485,0.00333901,29054.6,1558457412,buy
138717511,0.00398839,29051.2,1558457442,buy
138717523,0.06478318,29050.6,1558457455,sell
138717522,0.2448,29050.6,1558457455,sell
138717521,0.0006,29050.9,1558457455,sell
138717541,0.005,29050.6,1558457465,sell
138717561,0.04817919,29057.2,1558457485,sell
138717562,0.30509956,29057.2,1558457485,sell
138717560,0.23439425,29057.6,1558457485,sell
138717566,0.05,29059.8,1558457493,buy
138717567,0.53078556,29060.9,1558457494,buy
138717568,0.05,29063.8,1558457497,buy
138717614,0.00321206,29060.7,1558457534,sell
138717615,0.00678794,29050.2,1558457534,sell
138717629,0.00314288,29050.8,1558457546,sell
138717630,0.001,29050.2,1558457546,sell
138717631,0.00795487,29049.8,1558457546,sell
138717633,0.78741719,29049.5,1558457547,sell
138717637,0.00222618,29049.8,1558457548,buy
138717636,0.015,29049.6,1558457548,buy
138717640,0.036000000000000004,29049.8,1558457552,buy
138717643,0.015,29049.8,1558457553,buy
138717642,0.005,29049.8,1558457553,buy
138717644,0.005,29051.7,1558457554,buy
138717647,0.005,29051.7,1558457555,buy
138717648,0.001,29053.1,1558457556,buy
138717649,0.004,29056.1,1558457556,buy
138717650,0.005,29060.1,1558457557,buy
138717651,0.005,29060.5,1558457559,buy
138717656,0.029894,29050.6,1558457564,sell
138717665,0.038244,29049.6,1558457575,sell
138717679,0.00530978,29049.6,1558457603,sell
138717680,0.00469022,29049.6,1558457603,sell
138717703,2.78387629,29049.5,1558457611,sell
138717707,0.0346,29049.8,1558457614,buy
138717715,0.0331595,29049.5,1558457626,sell
138717714,0.0031435,29049.6,1558457626,sell
138717725,0.023556999999999998,29049.5,1558457634,sell
138717730,0.124,29049.5,1558457642,sell
138717736,0.086341,29049.5,1558457643,sell
138717776,0.00632232,29049.8,1558457653,buy
138717779,0.046,29049.5,1558457663,sell
138717780,0.03796051,29049.5,1558457663,sell
138717781,0.02519607,29049.5,1558457663,sell
138717782,0.047,29049.8,1558457663,buy
138717783,0.009000000000000001,29049.5,1558457663,sell
138717777,0.0126505,29049.5,1558457663,sell
138717778,0.0126463,29049.5,1558457663,sell
138717786,0.01,29049.5,1558457666,sell
138717787,6.21570632,29049.5,1558457667,sell
138717788,0.005,29049.5,1558457668,sell
138717789,2.43748544,29049.5,1558457670,sell
138717790,3.22541811,29049.5,1558457672,sell
138717795,0.5,29049.5,1558457679,sell
138717797,0.0006,29049.5,1558457689,sell
138717799,0.0055,29049.5,1558457691,sell
138717801,0.0006,29049.8,1558457698,buy
138717800,0.0006,29049.8,1558457698,buy
138717808,0.005,29049.5,1558457714,sell
138717826,0.00164798,29049.8,1558457766,buy
138717830,4.0,29049.5,1558457770,sell
138717845,0.00633261,29049.5,1558457788,sell
138717844,0.00633531,29049.5,1558457788,sell
138717851,0.042,29052.7,1558457794,buy
138717850,0.001,29051.7,1558457794,buy
138717849,0.001,29050.9,1558457794,buy
138717848,0.001,29050.6,1558457794,buy
138717852,0.012,29052.4,1558457794,buy
138717863,2.0,29049.5,1558457807,sell
138717864,0.0008013,29059.4,1558457812,sell
138717874,0.005,29059.8,1558457832,buy
138717879,0.005,29059.7,1558457837,sell
138717880,0.005,29059.8,1558457837,buy
138717884,0.02,29059.8,1558457850,buy
138717934,0.005,29059.8,1558457867,buy
138717938,0.00194465,29049.5,1558457869,sell
138717937,0.00523795,29059.7,1558457869,sell
138717936,0.00713424,29059.7,1558457869,sell
138717935,0.00148211,29059.7,1558457869,sell
138717987,0.00102343,29049.5,1558457890,sell
138717982,0.03689749,29049.5,1558457890,sell
138717975,0.01209803,29049.5,1558457890,sell
138718006,0.163099,29049.5,1558457891,sell
138718017,0.596591,29049.5,1558457891,sell
138718012,0.521795,29049.5,1558457891,sell
138718013,0.01227,29049.5,1558457891,sell
138718030,0.9691245999999999,29049.8,1558457900,buy
138718029,0.843,29049.8,1558457900,buy
138718028,0.5,29049.8,1558457900,buy
138718036,0.005,29049.5,1558457911,sell
138718047,0.10351696,29052.8,1558457916,buy
138718045,0.1,29049.8,1558457916,buy
138718046,0.001,29051.3,1558457916,buy
138718059,0.03697208,29049.5,1558457921,sell
138718063,0.001,29049.8,1558457921,sell
138718064,0.119903,29049.5,1558457921,sell
138718068,0.011262999999999999,29049.5,1558457922,sell
138718081,0.03696854,29049.5,1558457928,sell
138718092,0.147,29049.5,1558457929,sell
138718120,0.009198999999999999,29049.5,1558457929,sell
138718116,0.03695898,29049.5,1558457929,sell
138718112,0.01211832,29049.5,1558457929,sell
138718108,0.142861,29049.5,1558457929,sell
138718088,0.007442,29049.5,1558457929,sell
138718103,0.01212992,29049.5,1558457929,sell
138718096,0.01214201,29049.5,1558457929,sell
138718090,0.03696777,29049.5,1558457929,sell
138718106,0.03699374,29049.5,1558457929,sell
138718127,0.03699521,29049.5,1558457930,sell
138718138,0.01209478,29049.5,1558457931,sell
138718139,0.03690715,29049.5,1558457931,sell
138718149,0.01208829,29049.5,1558457932,sell
138718146,0.01209307,29049.5,1558457932,sell
138718157,0.01204587,29049.5,1558457933,sell
138718160,0.01202216,29049.5,1558457933,sell
138718162,0.01199846,29049.5,1558457933,sell
138718153,0.012069700000000001,29049.5,1558457933,sell
138718175,0.01196657,29049.5,1558457937,sell
138718177,0.01585895,29049.5,1558457937,sell
138718178,0.021031900000000003,29049.5,1558457937,sell
138718190,0.02085865,29049.8,1558457939,buy
138718186,0.001,29049.8,1558457939,buy
138718188,0.01153161,29049.8,1558457939,buy
138718214,0.03752049,29049.8,1558457945,buy
138718212,0.01250889,29049.8,1558457945,buy
138718237,0.01196825,29049.5,1558457947,sell
138718241,0.01196581,29049.5,1558457947,sell
138718242,0.20503404,29049.5,1558457950,sell
138718243,0.08136394,29049.5,1558457950,sell
138718286,0.02066744,29049.5,1558457967,sell
138718288,0.80826655,29049.5,1558457967,sell
138718287,0.001,29049.8,1558457967,sell
138718285,0.01612686,29049.5,1558457967,sell
138718283,0.00945819,29050.7,1558457967,sell
138718284,0.0025092,29049.5,1558457967,sell
138718294,0.01196829,29049.5,1558457968,sell
138718301,0.086,29049.5,1558457968,sell
138718304,0.085338,29049.5,1558457968,sell
138718307,0.086,29049.8,1558457968,buy
138718308,0.097493,29049.5,1558457968,sell
138718311,0.0056560000000000004,29049.5,1558457969,sell
138718326,0.83327478,29049.5,1558457970,sell
138718324,0.03683748,29049.5,1558457970,sell
138718318,0.01197791,29049.5,1558457970,sell
138718330,0.01812285,29049.5,1558457971,sell
138718335,0.01196526,29049.5,1558457973,sell
138718336,0.0368142,29049.5,1558457973,sell
138718360,0.03685017,29049.5,1558457975,sell
138718343,0.01196359,29049.5,1558457975,sell
138718344,0.03681651,29049.5,1558457975,sell
138718357,0.01197133,29049.5,1558457975,sell
138718359,0.007718000000000001,29049.5,1558457975,sell
138718375,0.01199913,29049.5,1558457976,sell
138718376,0.89135698,29049.5,1558457976,sell
138718385,0.03695409,29049.5,1558457976,sell
138718413,0.01198091,29049.5,1558457976,sell
138718420,0.0170667,29049.5,1558457976,sell
138718421,0.0369537,29049.5,1558457976,sell
138718422,0.07039795,29049.5,1558457976,sell
138718429,0.011974799999999999,29049.5,1558457976,sell
138718432,0.87123368,29049.5,1558457976,sell
138718433,0.302,29049.5,1558457976,sell
138718440,3.067891,29049.5,1558457976,sell
138718441,0.03691636,29049.5,1558457977,sell
138718445,0.01201079,29049.5,1558457977,sell
138718450,0.00394069,29049.5,1558457977,sell
138718455,0.01197669,29049.5,1558457977,sell
138718457,0.00303603,29049.5,1558457977,sell
138718469,1.114514,29049.5,1558457978,sell
138718462,0.00141239,29049.5,1558457978,sell
138718468,0.302,29049.5,1558457978,sell
138718470,0.21100000000000002,29049.8,1558457979,buy
138718472,0.001,29049.5,1558457979,sell
138718483,0.088994,29049.5,1558457984,sell
138718484,0.01197723,29049.5,1558457984,sell
138718488,0.03696031,29049.5,1558457984,sell
138718496,0.012076,29049.5,1558457985,sell
138718498,0.03681849,29049.5,1558457985,sell
138718518,0.01191904,29049.5,1558457986,sell
138718506,0.0368181,29049.5,1558457986,sell
138718510,0.313393,29049.5,1558457986,sell
138718511,0.83766274,29049.5,1558457986,sell
138718516,0.01192508,29049.5,1558457986,sell
138718525,0.017067,29049.5,1558457987,sell
138718526,0.00794719,29049.5,1558457987,sell
138718536,0.01191243,29049.5,1558457992,sell
138718545,0.01190687,29049.5,1558457993,sell
138718548,0.022715,29049.5,1558457993,sell
138718551,0.03665022,29049.5,1558457993,sell
138718552,0.07061947,29049.5,1558457993,sell
138718555,0.221,29049.5,1558457993,sell
138718557,0.00738737,29049.5,1558457993,sell
138718563,0.13944600000000001,29049.5,1558457994,sell
138718585,0.023,29049.5,1558457999,sell
138718608,0.01185705,29049.5,1558458007,sell
138718609,0.036511199999999994,29049.5,1558458007,sell
138718614,0.036513800000000006,29049.5,1558458007,sell
138718616,0.01184075,29049.5,1558458007,sell
138718629,0.03657729,29049.5,1558458011,sell
138718628,0.01186023,29049.5,1558458011,sell
138718634,0.011824600000000001,29049.5,1558458012,sell
138718663,0.03738191,29049.8,1558458016,buy
138718644,0.00399782,29049.5,1558458016,sell
138718659,0.01246273,29049.8,1558458016,buy
138718661,0.01174903,29049.5,1558458016,sell
138718668,0.01178086,29049.8,1558458016,buy
138718669,0.0018,29049.8,1558458017,buy
138718673,0.1665745,29049.8,1558458017,buy
138718674,0.17858967,29049.8,1558458017,buy
138718690,0.01257625,29049.8,1558458024,buy
138718692,0.02443168,29049.8,1558458025,buy
138718698,0.01184684,29049.8,1558458026,buy
138718699,0.00635,29049.8,1558458026,buy
138718711,0.01254656,29049.8,1558458028,buy
138718713,0.03764288,29049.8,1558458028,buy
138718715,0.00278903,29049.5,1558458028,sell
138718718,0.011815,29049.5,1558458029,sell
138718716,0.0596736,29049.5,1558458029,sell
138718739,0.00556024,29049.5,1558458034,sell
138718741,0.005628,29049.5,1558458034,sell
138718746,0.00379071,29049.5,1558458034,sell
138718751,0.18,29049.8,1558458036,buy
138718781,0.01182247,29049.5,1558458042,sell
138718785,0.95435654,29049.5,1558458047,sell
138718786,1.91,29049.5,1558458047,sell
138718790,0.001,29048.7,1558458049,sell
138718789,0.001,29049.1,1558458049,sell
138718788,0.00473427,29049.5,1558458049,sell
138718805,0.01531632,29035.9,1558458052,buy
138718817,0.2,29027.4,1558458059,sell
138718811,0.01098087,29035.5,1558458059,sell
138718812,0.6990000000000001,29033.7,1558458059,sell
138718813,0.001,29032.9,1558458059,sell
138718814,0.001,29032.2,1558458059,sell
138718818,0.08601913,29027.4,1558458059,sell
138718815,0.001,29031.8,1558458059,sell
138718816,0.001,29030.7,1558458059,sell
138718849,0.001,29032.9,1558458066,sell
138718844,1.0,29032.6,1558458066,buy
138718845,0.70596936,29032.6,1558458066,buy
138718846,0.72574842,29032.6,1558458066,buy
138718847,0.001,29033.3,1558458066,sell
138718848,0.78774842,29032.9,1558458066,sell
138718850,2.38359854,29032.6,1558458066,sell
138718843,0.18468368,29032.6,1558458066,buy
138718851,0.00314556,29032.2,1558458067,sell
138718852,0.01870512,29032.2,1558458067,sell
138718856,0.001,29032.6,1558458068,sell
138718857,0.29945691,29032.6,1558458068,sell
138718867,0.9990000000000001,29027.4,1558458074,sell
138718866,0.001,29027.8,1558458074,sell
138718956,0.08249368,29027.4,1558458117,sell
138718973,0.005,29027.8,1558458134,buy
138719007,0.005,29027.8,1558458170,buy
138719026,0.005,29027.4,1558458179,sell
138719055,0.03651023,29027.4,1558458211,sell
138719054,0.01182933,29027.4,1558458211,sell
138719090,0.011000000000000001,29027.4,1558458222,sell
138719094,0.06,29027.8,1558458224,buy
138719095,0.00405924,29027.8,1558458224,buy
138719096,0.00548413,29027.8,1558458224,buy
138719097,0.13512858,29027.8,1558458224,buy
138719127,0.00548413,29027.8,1558458225,buy
138719122,0.00548413,29027.8,1558458225,buy
138719123,0.00548413,29027.8,1558458225,buy
138719124,0.1639688,29027.8,1558458225,buy
138719125,0.1639688,29027.8,1558458225,buy
138719126,0.1639688,29027.8,1558458225,buy
138719128,0.00548413,29027.8,1558458225,buy
138719137,0.001,29029.6,1558458225,buy
138719130,0.1639688,29027.8,1558458225,buy
138719131,0.00548413,29027.8,1558458225,buy
138719132,0.001,29028.5,1558458225,buy
138719133,0.001,29028.9,1558458225,buy
138719134,0.001,29028.9,1558458225,buy
138719136,0.001,29029.6,1558458225,buy
138719121,0.1639688,29027.8,1558458225,buy
138719129,0.00548413,29027.8,1558458225,buy
138719120,0.1639688,29027.8,1558458225,buy
138719112,0.00548413,29027.8,1558458225,buy
138719118,0.1639688,29027.8,1558458225,buy
138719102,0.02884022,29027.8,1558458225,buy
138719103,0.00548413,29027.8,1558458225,buy
138719104,0.1639688,29027.8,1558458225,buy
138719105,0.1639688,29027.8,1558458225,buy
138719106,0.00548413,29027.8,1558458225,buy
138719107,0.1639688,29027.8,1558458225,buy
138719108,0.1639688,29027.8,1558458225,buy
138719119,0.00548413,29027.8,1558458225,buy
138719109,0.00548413,29027.8,1558458225,buy
138719111,0.1639688,29027.8,1558458225,buy
138719138,0.001,29030.0,1558458225,buy
138719113,0.1639688,29027.8,1558458225,buy
138719114,0.1639688,29027.8,1558458225,buy
138719115,0.00548413,29027.8,1558458225,buy
138719116,0.00548413,29027.8,1558458225,buy
138719117,0.00548413,29027.8,1558458225,buy
138719110,0.01644424,29027.8,1558458225,buy
138719139,1.0,29030.7,1558458225,buy
138719135,0.69,29029.0,1558458225,buy
138719141,0.001,29030.7,1558458225,buy
138719142,0.001,29030.7,1558458225,buy
138719143,0.009674700000000001,29031.1,1558458225,buy
138719140,0.87469982,29030.7,1558458225,buy
138719144,1.0,29027.8,1558458225,sell
138719150,1.40091891,29030.7,1558458226,sell
138719148,0.45274594,29030.9,1558458226,sell
138719149,0.44688169,29030.7,1558458226,sell
138719146,0.4,29031.0,1558458226,sell
138719147,0.75285508,29031.0,1558458226,sell
138719184,0.001,29048.7,1558458230,buy
138719189,0.001,29053.9,1558458230,buy
138719188,0.001,29053.1,1558458230,buy
138719187,0.001,29052.8,1558458230,buy
138719186,0.001,29051.7,1558458230,buy
138719185,0.001,29048.0,1558458230,buy
138719183,0.001,29047.6,1558458230,buy
138719190,0.01,29053.9,1558458230,buy
138719181,0.001,29045.1,1558458230,buy
138719180,0.001,29044.3,1558458230,buy
138719179,0.001,29043.6,1558458230,buy
138719178,0.001,29041.8,1558458230,buy
138719176,0.001,29041.0,1558458230,buy
138719175,0.001,29040.7,1558458230,buy
138719174,0.001,29040.3,1558458230,buy
138719182,0.001,29046.2,1558458230,buy
138719252,0.03777642,29062.7,1558458243,buy
138719251,0.4,29062.2,1558458243,buy
138719250,0.001,29062.0,1558458243,buy
138719249,0.001,29061.6,1558458243,buy
138719248,0.40775012,29061.6,1558458243,buy
138719247,0.001,29060.9,1558458243,buy
138719245,0.001,29058.7,1558458243,buy
138719246,0.51870058,29059.8,1558458243,buy
138719243,0.47277288,29057.4,1558458243,buy
138719242,0.001,29052.4,1558458243,buy
138719241,0.001,29048.7,1558458243,buy
138719240,1.0,29048.4,1558458243,buy
138719239,0.001,29048.0,1558458243,buy
138719238,2.155,29048.0,1558458243,buy
138719244,0.001,29057.6,1558458243,buy
138719292,0.001,29061.6,1558458263,sell
138719291,0.001,29062.0,1558458263,sell
138719290,0.001,29062.3,1558458263,sell
138719312,0.001,29057.2,1558458265,sell
138719321,0.00540874,29060.1,1558458265,buy
138719320,0.00791115,29038.1,1558458265,sell
138719319,0.0196082,29053.9,1558458265,sell
138719316,0.001,29055.0,1558458265,sell
138719315,0.001,29055.4,1558458265,sell
138719314,0.001,29056.1,1558458265,sell
138719311,0.001,29057.9,1558458265,sell
138719313,0.001,29056.8,1558458265,sell
138719309,0.001,29059.0,1558458265,sell
138719310,0.001,29058.7,1558458265,sell
138719308,0.001,29059.8,1558458265,sell
138719304,0.00716295,29060.9,1558458265,buy
138719303,0.00582521,29057.9,1558458265,sell
138719301,0.001,29058.7,1558458265,sell
138719300,0.001,29058.7,1558458265,sell
138719299,0.001,29060.9,1558458265,sell
138719332,0.3,29052.8,1558458268,buy
138719333,0.38169488,29052.8,1558458268,buy
138719331,0.4,29052.8,1558458268,buy
138719335,0.001,29055.4,1558458269,buy
138719336,0.001,29057.2,1558458269,buy
138719397,0.00513652,29012.8,1558458275,sell
138719402,0.0006,29012.0,1558458275,sell
138719401,0.0006,29012.8,1558458275,sell
138719403,0.6990000000000001,29012.0,1558458275,sell
138719400,0.1,29012.8,1558458275,sell
138719399,0.1,29012.8,1558458275,sell
138719398,0.05,29012.8,1558458275,sell
138719396,0.295,29013.5,1558458275,sell
138719390,3.0,29020.1,1558458275,sell
138719394,0.0006,29015.7,1558458275,sell
138719393,0.0131,29017.0,1558458275,sell
138719392,0.0006,29017.9,1558458275,sell
138719391,0.0006,29018.6,1558458275,sell
138719404,0.0006,29009.8,1558458275,sell
138719389,0.0006,29020.1,1558458275,sell
138719388,0.0006,29020.5,1558458275,sell
138719387,0.0126,29020.8,1558458275,sell
138719386,0.0006,29020.8,1558458275,sell
138719395,0.0006,29015.0,1558458275,sell
138719405,0.0006,29006.9,1558458275,sell
138719412,0.03,29005.4,1558458275,sell
138719407,0.03,29005.4,1558458275,sell
138719385,0.0006,29021.2,1558458275,sell
138719426,0.03,29001.7,1558458275,sell
138719424,0.03,29001.7,1558458275,sell
138719423,0.03,29001.7,1558458275,sell
138719422,0.03,29001.7,1558458275,sell
138719421,0.03,29001.7,1558458275,sell
138719420,0.03,29001.7,1558458275,sell
138719419,0.03,29001.7,1558458275,sell
138719418,0.03,29001.7,1558458275,sell
138719417,0.03,29001.7,1558458275,sell
138719416,0.005,29003.6,1558458275,sell
138719415,0.03,29005.4,1558458275,sell
138719427,0.03,29001.7,1558458275,sell
138719414,0.03,29005.4,1558458275,sell
138719413,0.03,29005.4,1558458275,sell
138719411,0.03,29005.4,1558458275,sell
138719410,0.03,29005.4,1558458275,sell
138719409,0.03,29005.4,1558458275,sell
138719408,0.03,29005.4,1558458275,sell
138719406,0.33052198,29006.1,1558458275,sell
138719384,0.0006,29021.6,1558458275,sell
138719351,0.001,29039.6,1558458275,sell
138719382,0.0006,29022.3,1558458275,sell
138719358,0.001,29033.3,1558458275,sell
138719357,0.001,29034.8,1558458275,sell
138719356,0.1,29034.8,1558458275,sell
138719355,0.001,29035.2,1558458275,sell
138719354,0.001,29035.9,1558458275,sell
138719353,1.0,29037.7,1558458275,sell
138719352,0.0126,29038.5,1558458275,sell
138719350,0.0117,29039.6,1558458275,sell
138719349,0.001,29039.9,1558458275,sell
138719348,0.001,29041.4,1558458275,sell
138719347,0.001,29043.2,1558458275,sell
138719346,0.001,29044.0,1558458275,sell
138719345,0.001,29045.1,1558458275,sell
138719344,0.75830151,29045.4,1558458275,sell
138719343,0.001,29046.2,1558458275,sell
138719342,0.001,29046.5,1558458275,sell
138719341,0.0128,29047.0,1558458275,sell
138719340,0.0099465,29058.3,1558458275,sell
138719428,0.03,29001.7,1558458275,sell
138719359,0.001,29032.9,1558458275,sell
138719383,0.0006,29021.9,1558458275,sell
138719360,0.001,29032.2,1558458275,sell
138719362,0.001,29031.5,1558458275,sell
138719381,0.0006,29022.7,1558458275,sell
138719380,0.001,29023.8,1558458275,sell
138719379,0.0147,29024.4,1558458275,sell
138719378,0.001,29024.9,1558458275,sell
138719377,0.4274476,29025.2,1558458275,sell
138719376,0.001,29025.6,1558458275,sell
138719375,0.001,29025.6,1558458275,sell
138719374,0.001,29026.0,1558458275,sell
138719373,0.001,29026.7,1558458275,sell
138719372,0.001,29027.1,1558458275,sell
138719371,0.001,29027.1,1558458275,sell
138719370,0.001,29027.4,1558458275,sell
138719369,0.76814763,29027.4,1558458275,sell
138719368,0.0126,29028.5,1558458275,sell
138719367,0.001,29029.3,1558458275,sell
138719366,0.01,29029.6,1558458275,sell
138719365,0.001,29029.6,1558458275,sell
138719364,0.001,29030.4,1558458275,sell
138719363,0.001,29031.1,1558458275,sell
138719361,0.0117,29032.2,1558458275,sell
138719429,0.03,29001.7,1558458275,sell
138719425,0.03,29001.7,1558458275,sell
138719431,0.03,29001.7,1558458275,sell
138719527,0.03,28990.7,1558458275,sell
138719525,0.03,28990.7,1558458275,sell
138719524,0.03,28990.7,1558458275,sell
138719519,0.03,28990.7,1558458275,sell
138719518,0.03,28990.7,1558458275,sell
138719515,0.03,28990.7,1558458275,sell
138719514,0.03,28990.7,1558458275,sell
138719513,0.03,28990.7,1558458275,sell
138719510,0.03,28990.7,1558458275,sell
138719509,0.03,28990.7,1558458275,sell
138719508,0.03,28990.7,1558458275,sell
138719507,0.03,28990.7,1558458275,sell
138719504,0.03,28990.7,1558458275,sell
138719503,0.03,28990.7,1558458275,sell
138719500,0.03,28990.7,1558458275,sell
138719499,0.0006,28991.4,1558458275,sell
138719498,0.0006,28991.8,1558458275,sell
138719496,0.0006,28992.6,1558458275,sell
138719495,0.03,28994.4,1558458275,sell
138719494,0.03,28994.4,1558458275,sell
138719491,0.03,28994.4,1558458275,sell
138719490,0.03,28994.4,1558458275,sell
138719489,0.03,28994.4,1558458275,sell
138719528,0.03,28990.7,1558458275,sell
138719488,0.03,28994.4,1558458275,sell
138719539,0.03,28990.7,1558458275,sell
138719542,0.03,28990.7,1558458275,sell
138719430,0.03,29001.7,1558458275,sell
138719586,0.01387678,28987.0,1558458275,sell
138719582,0.03,28987.0,1558458275,sell
138719580,0.03,28987.0,1558458275,sell
138719579,0.03,28987.0,1558458275,sell
138719578,0.03,28987.0,1558458275,sell
138719576,0.03,28987.0,1558458275,sell
138719570,0.03,28987.0,1558458275,sell
138719568,0.03,28987.0,1558458275,sell
138719566,0.03,28987.0,1558458275,sell
138719563,0.00749996,28987.0,1558458275,sell
138719562,2.73862326,28987.4,1558458275,sell
138719560,1.5,28987.4,1558458275,sell
138719558,1.11687838,28987.4,1558458275,sell
138719556,0.0006,28987.4,1558458275,sell
138719554,0.94376233,28987.8,1558458275,sell
138719553,0.0006,28987.8,1558458275,sell
138719549,0.0006,28988.5,1558458275,sell
138719547,0.0006,28988.9,1558458275,sell
138719546,0.0006,28989.6,1558458275,sell
138719545,0.33727993,28990.0,1558458275,sell
138719544,0.0006,28990.0,1558458275,sell
138719543,0.03,28990.7,1558458275,sell
138719541,0.03,28990.7,1558458275,sell
138719486,0.03,28994.4,1558458275,sell
138719530,0.03,28990.7,1558458275,sell
138719484,0.03,28994.4,1558458275,sell
138719453,0.03,28998.1,1558458275,sell
138719452,0.03,28998.1,1558458275,sell
138719451,0.03,28998.1,1558458275,sell
138719450,0.03,28998.1,1558458275,sell
138719449,0.03,28998.1,1558458275,sell
138719448,0.03,28998.1,1558458275,sell
138719447,0.03,28998.1,1558458275,sell
138719446,0.03,28998.1,1558458275,sell
138719445,0.03,28998.1,1558458275,sell
138719444,0.03,28998.1,1558458275,sell
138719454,0.03,28998.1,1558458275,sell
138719443,0.03,28998.1,1558458275,sell
138719441,0.03,28998.1,1558458275,sell
138719440,0.03,28998.1,1558458275,sell
138719439,0.03,28998.1,1558458275,sell
138719438,0.03,28998.1,1558458275,sell
138719437,0.0006,28999.2,1558458275,sell
138719436,0.0006,28999.5,1558458275,sell
138719435,0.40735875,28999.9,1558458275,sell
138719434,0.46640115,28999.9,1558458275,sell
138719433,0.05649058,28999.9,1558458275,sell
138719485,0.03,28994.4,1558458275,sell
138719442,0.03,28998.1,1558458275,sell
138719456,0.03,28998.1,1558458275,sell
138719455,0.03,28998.1,1558458275,sell
138719457,0.03,28998.1,1558458275,sell
138719482,0.025,28995.5,1558458275,sell
138719481,0.03,28998.1,1558458275,sell
138719480,0.03,28998.1,1558458275,sell
138719479,0.03,28998.1,1558458275,sell
138719478,0.03,28998.1,1558458275,sell
138719477,0.03,28998.1,1558458275,sell
138719476,0.03,28998.1,1558458275,sell
138719475,0.03,28998.1,1558458275,sell
138719474,0.03,28998.1,1558458275,sell
138719472,0.03,28998.1,1558458275,sell
138719432,0.0006,29001.4,1558458275,sell
138719469,0.03,28998.1,1558458275,sell
138719470,0.03,28998.1,1558458275,sell
138719467,0.03,28998.1,1558458275,sell
138719466,0.03,28998.1,1558458275,sell
138719465,0.03,28998.1,1558458275,sell
138719464,0.03,28998.1,1558458275,sell
138719463,0.03,28998.1,1558458275,sell
138719462,0.03,28998.1,1558458275,sell
138719461,0.03,28998.1,1558458275,sell
138719460,0.03,28998.1,1558458275,sell
138719459,0.03,28998.1,1558458275,sell
138719458,0.03,28998.1,1558458275,sell
138719468,0.03,28998.1,1558458275,sell
138719729,0.001,29047.6,1558458282,buy
138719728,0.001,29042.5,1558458282,buy
138719727,0.001,29040.3,1558458282,buy
138719726,0.001,29039.2,1558458282,buy
138719723,0.001,29037.4,1558458282,buy
138719724,0.001,29038.1,1558458282,buy
138719722,0.001,29037.0,1558458282,buy
138719725,0.001,29038.8,1558458282,buy
138719730,0.001,29048.4,1558458283,buy
138719735,0.001,29057.2,1558458285,buy
138719736,0.001,29057.6,1558458285,buy
138719737,0.00146857,29058.3,1558458285,buy
138719750,0.02394097,29060.5,1558458290,buy
138719761,0.27,29066.0,1558458295,sell
138719760,0.73,29066.0,1558458295,sell
138719766,0.001,29063.8,1558458297,buy
138719769,0.001,29066.0,1558458299,buy
138719771,0.001,29066.7,1558458299,buy
138719772,0.001,29067.8,1558458299,buy
138719773,0.00756798,29068.2,1558458299,buy
138719770,0.001,29066.4,1558458299,buy
138719803,0.0092,29069.5,1558458320,buy
138719818,0.01,29063.1,1558458331,sell
138719819,0.001,29064.9,1558458331,buy
138719823,0.001,29069.7,1558458331,buy
138719821,0.001,29067.5,1558458331,buy
138719822,0.001,29068.2,1558458331,buy
138719820,0.001,29066.7,1558458331,buy
138719853,0.001,29063.8,1558458346,buy
138719854,0.001,29065.3,1558458346,buy
138719855,0.001,29066.4,1558458346,buy
138719857,0.25676208,29067.1,1558458346,buy
138719856,0.001,29066.7,1558458346,buy
138719886,0.2,29070.4,1558458366,sell
138719915,0.00445383,29049.8,1558458380,buy
138719916,0.00694617,29049.8,1558458380,buy
138719920,0.001,29053.5,1558458381,buy
138719930,0.08485785,29065.3,1558458385,buy
138719929,0.00314215,29064.2,1558458385,buy
138719927,0.001,29063.1,1558458385,buy
138719926,0.001,29062.7,1558458385,buy
138719932,0.00064,29064.5,1558458386,sell
138719949,0.3102,29068.3,1558458394,buy
138719951,0.001,29065.3,1558458395,buy
138719952,0.001,29067.5,1558458396,buy
138719957,0.009000000000000001,29066.4,1558458407,buy
138719956,0.001,29064.9,1558458407,buy
138719958,0.05,29055.2,1558458408,buy
138719966,0.025,29058.7,1558458420,buy
138719967,0.09223289999999999,29068.6,1558458422,buy
138719968,0.001,29064.9,1558458422,buy
138719969,0.001,29068.2,1558458422,buy
138719970,0.065,29068.6,1558458422,buy
138719972,0.001,29064.2,1558458423,sell
138719973,0.00166494,29063.1,1558458423,sell
138719984,0.001,29064.5,1558458430,buy
138719982,0.001,29063.1,1558458430,buy
138719983,0.001,29063.8,1558458430,buy
138719985,0.001,29065.6,1558458430,buy
138719986,0.00464124,29063.1,1558458430,sell
138719987,0.001,29062.7,1558458430,sell
138719988,0.24215876,29062.3,1558458430,sell
138719981,0.001,29062.7,1558458430,buy
138719990,0.01628567,29062.0,1558458432,buy
138720021,0.001,29062.3,1558458437,sell
138720022,0.00228779,29061.6,1558458437,sell
138720053,0.02533184,29064.5,1558458446,buy
138720166,0.28156625,29064.2,1558458451,sell
138720167,0.001,29065.6,1558458452,buy
138720193,0.001,29067.1,1558458464,buy
138720194,0.035,29067.8,1558458464,buy
138720195,0.015,29067.8,1558458464,buy
138720196,0.07,29066.7,1558458465,sell
138720219,0.001,29072.6,1558458471,buy
138720223,0.03393174,29082.5,1558458471,buy
138720222,0.001,29079.2,1558458471,buy
138720221,0.001,29078.9,1558458471,buy
138720220,0.001,29076.7,1558458471,buy
138720218,0.001,29071.9,1558458471,buy
138720213,0.001,29068.6,1558458471,buy
138720216,0.01278234,29070.8,1558458471,buy
138720215,0.001,29070.8,1558458471,buy
138720214,0.001,29069.3,1558458471,buy
138720212,0.16794018,29067.8,1558458471,buy
138720217,0.001,29071.1,1558458471,buy
138720226,0.001,29069.3,1558458472,buy
138720288,0.01,29087.3,1558458481,buy
138720311,0.01636508,29082.5,1558458486,buy
138720317,0.00975487,29082.2,1558458487,buy
138720313,0.18363492,29081.4,1558458487,buy
138720314,0.72848484,29081.8,1558458487,buy
138720315,2.32921665,29081.8,1558458487,buy
138720316,0.47342418,29081.8,1558458487,buy
138720318,0.07,29082.2,1558458487,buy
138720322,0.757681,29082.5,1558458487,buy
138720320,0.23221631,29082.2,1558458487,buy
138720358,0.00763332,29081.1,1558458487,buy
138720342,5.60080743,29094.9,1558458487,buy
138720341,0.001,29094.6,1558458487,buy
138720340,0.46343763,29094.3,1558458487,buy
138720339,0.001,29093.9,1558458487,buy
138720338,0.001,29093.2,1558458487,buy
138720337,0.001,29092.4,1558458487,buy
138720336,0.001,29091.7,1558458487,buy
138720319,0.5,29082.2,1558458487,buy
138720334,0.32372796,29090.6,1558458487,buy
138720333,0.001,29090.6,1558458487,buy
138720335,0.56975095,29091.3,1558458487,buy
138720331,0.3,29089.5,1558458487,buy
138720321,0.04293422,29082.2,1558458487,buy
138720332,0.001,29090.2,1558458487,buy
138720324,1.0,29083.3,1558458487,buy
138720325,0.001,29085.8,1558458487,buy
138720323,0.001,29082.5,1558458487,buy
138720327,1.0,29087.3,1558458487,buy
138720328,0.001,29087.3,1558458487,buy
138720329,0.001,29089.1,1558458487,buy
138720330,0.001,29089.5,1558458487,buy
138720326,0.40292904,29086.2,1558458487,buy
138720392,0.001,29094.3,1558458495,buy
138720387,0.00599551,29081.0,1558458495,buy
138720388,0.001,29082.5,1558458495,buy
138720389,0.001,29083.6,1558458495,buy
138720390,0.001,29085.1,1558458495,buy
138720386,0.016,29080.7,1558458495,buy
138720393,0.0627272,29094.6,1558458495,buy
138720391,0.03873169,29094.6,1558458495,buy
138720407,0.01,29094.9,1558458498,buy
138720466,0.001,29093.9,1558458509,buy
138720473,0.98837396,29092.1,1558458510,sell
138720472,0.01162604,29093.9,1558458510,sell
138720493,0.001,29092.4,1558458517,sell
138720494,0.049,29092.1,1558458517,sell
138720496,0.00313878,29094.5,1558458518,buy
138720497,0.00186122,29094.9,1558458518,buy
138720505,0.001212,29094.9,1558458523,buy
138720515,0.005,29094.6,1558458537,sell
138720520,0.25341199999999997,29094.9,1558458540,buy
138720532,0.1562,29094.9,1558458543,buy
138720544,2.5,29094.9,1558458544,buy
138720549,0.01370758,29094.6,1558458545,sell
138720589,1.2,29094.9,1558458552,buy
138720590,0.1542,29094.9,1558458553,buy
138720591,0.5,29094.9,1558458554,buy
138720604,0.27099043,29094.9,1558458564,buy
138720605,0.00670536,29094.9,1558458564,buy
138720607,0.02,29104.6,1558458566,buy
138720608,0.02,29104.6,1558458566,buy
138720609,0.02,29104.6,1558458566,buy
138720610,0.02,29104.6,1558458566,buy
138720611,0.02,29104.6,1558458566,buy
138720612,0.0082,29104.6,1558458566,buy
138720606,0.0125,29100.9,1558458566,buy
138720614,0.0118,29104.6,1558458568,buy
138720615,0.00187395,29104.6,1558458568,buy
138720630,0.01187395,29108.2,1558458572,buy
138720620,0.01812605,29104.6,1558458572,buy
138720622,0.02,29104.6,1558458572,buy
138720623,0.02,29104.6,1558458572,buy
138720624,0.02,29104.6,1558458572,buy
138720625,0.02,29104.6,1558458572,buy
138720626,0.02,29104.6,1558458572,buy
138720627,0.02,29104.6,1558458572,buy
138720628,0.02,29104.6,1558458572,buy
138720629,0.02,29108.2,1558458572,buy
138720621,0.02,29104.6,1558458572,buy
138720893,0.00338962,29108.0,1558458583,buy
138720894,0.00161038,29108.2,1558458583,buy
138720930,0.00585216,29108.2,1558458586,buy
138720929,0.00651567,29108.2,1558458586,buy
138720951,0.02,29108.2,1558458588,buy
138720952,0.02,29108.2,1558458588,buy
138720953,0.02,29108.2,1558458588,buy
138720954,0.02,29108.2,1558458588,buy
138720955,0.02,29108.2,1558458588,buy
138720956,0.00313726,29108.4,1558458588,buy
138720957,0.02,29111.9,1558458588,buy
138720958,0.02,29111.9,1558458588,buy
138720950,0.02,29108.2,1558458588,buy
138720960,0.02,29111.9,1558458588,buy
138720961,0.02,29111.9,1558458588,buy
138720962,0.02,29111.9,1558458588,buy
138720963,0.02,29111.9,1558458588,buy
138720964,0.02,29111.9,1558458588,buy
138720965,0.02,29111.9,1558458588,buy
138720959,0.02,29111.9,1558458588,buy
138720949,0.02,29108.2,1558458588,buy
138720937,0.02,29108.2,1558458588,buy
138720947,0.02,29108.2,1558458588,buy
138720931,0.01414784,29108.2,1558458588,buy
138720932,0.02,29108.2,1558458588,buy
138720933,0.02,29108.2,1558458588,buy
138720934,0.02,29108.2,1558458588,buy
138720935,0.02,29108.2,1558458588,buy
138720936,0.02,29108.2,1558458588,buy
138720938,0.02,29108.2,1558458588,buy
138720939,0.02,29108.2,1558458588,buy
138720940,0.02,29108.2,1558458588,buy
138720941,0.02,29108.2,1558458588,buy
138720942,0.02,29108.2,1558458588,buy
138720943,0.02,29108.2,1558458588,buy
138720944,0.02,29108.2,1558458588,buy
138720945,0.02,29108.2,1558458588,buy
138720946,0.02,29108.2,1558458588,buy
138720948,0.02,29108.2,1558458588,buy
138720966,0.02,29111.9,1558458588,buy
138720969,0.02,29111.9,1558458588,buy
138720968,0.02,29111.9,1558458588,buy
138720967,0.02,29111.9,1558458588,buy
138720999,0.0017149,29119.3,1558458588,buy
138720998,0.02,29119.3,1558458588,buy
138720997,0.02,29119.3,1558458588,buy
138720995,0.02,29119.3,1558458588,buy
138720994,0.02,29119.3,1558458588,buy
138720993,0.02,29119.3,1558458588,buy
138720992,0.02,29119.3,1558458588,buy
138720991,0.02,29119.3,1558458588,buy
138720990,0.02,29119.3,1558458588,buy
138720989,0.02,29119.3,1558458588,buy
138720988,0.02,29119.3,1558458588,buy
138720987,0.02,29119.3,1558458588,buy
138720986,0.02,29119.3,1558458588,buy
138720996,0.02,29119.3,1558458588,buy
138720984,0.02,29119.3,1558458588,buy
138720971,0.02,29111.9,1558458588,buy
138720972,0.02,29115.6,1558458588,buy
138720973,0.02,29115.6,1558458588,buy
138720970,0.02,29111.9,1558458588,buy
138720976,0.02,29115.6,1558458588,buy
138720977,0.02,29115.6,1558458588,buy
138720975,0.02,29115.6,1558458588,buy
138720979,0.02,29115.6,1558458588,buy
138720980,0.02,29115.6,1558458588,buy
138720981,0.02,29115.6,1558458588,buy
138720982,0.001,29115.6,1558458588,buy
138720983,0.02,29119.3,1558458588,buy
138720978,0.02,29115.6,1558458588,buy
138720985,0.02,29119.3,1558458588,buy
138721025,0.01367395,29118.9,1558458591,sell
138721034,0.05,29118.5,1558458599,sell
138721038,0.05,29112.3,1558458601,sell
138721042,0.0111,29117.0,1558458604,sell
138721045,0.00847743,29117.0,1558458606,sell
138721048,0.0424,29116.7,1558458607,buy
138721054,0.01256628,29118.9,1558458608,buy
138721096,0.02,29119.3,1558458628,buy
138721097,0.02,29119.3,1558458628,buy
138721098,0.02,29119.3,1558458628,buy
138721099,0.02,29119.3,1558458628,buy
138721100,0.02,29119.3,1558458628,buy
138721101,0.02,29122.9,1558458628,buy
138721102,0.01633202,29122.9,1558458628,buy
138721093,0.0182851,29119.3,1558458628,buy
138721092,0.00538288,29116.6,1558458628,buy
138721095,0.02,29119.3,1558458628,buy
138721094,0.02,29119.3,1558458628,buy
138721103,0.05,29122.8,1558458629,sell
138721110,0.00366798,29122.9,1558458631,buy
138721111,0.00149103,29122.9,1558458631,buy
138721115,0.65449704,29121.1,1558458632,sell
138721123,0.0135,29118.5,1558458635,buy
138721135,0.10977999999999999,29117.4,1558458639,buy
138721182,0.00132409,29111.5,1558458652,buy
138721186,0.075,29110.8,1558458655,buy
138721188,0.09178,29110.1,1558458656,buy
138721187,0.018000000000000002,29109.7,1558458656,buy
138721190,0.00313711,29110.1,1558458662,buy
138721194,0.33,29119.3,1558458665,buy
138721223,0.00859734,29108.6,1558458678,buy
138721226,0.47769579,29108.2,1558458679,sell
138721225,0.22230421,29108.2,1558458679,sell
138721236,0.005,29108.8,1558458681,buy
138721243,0.00132866,29108.8,1558458689,buy
138721252,0.025,29108.6,1558458700,sell
138721263,0.025,29108.6,1558458704,sell
138721280,0.001,29122.2,1558458707,buy
138721264,0.00250056,29108.8,1558458707,buy
138721265,0.00066433,29108.8,1558458707,buy
138721266,0.01550296,29119.3,1558458707,buy
138721267,0.01850897,29122.9,1558458707,buy
138721268,0.00782318,29122.9,1558458707,buy
138721273,0.03051656,29108.6,1558458707,sell
138721282,0.01,29122.9,1558458707,buy
138721281,0.001,29122.6,1558458707,buy
138721276,0.01180656,29108.6,1558458707,sell
138721288,0.00370812,29115.2,1558458710,buy
138721297,0.025,29109.3,1558458717,sell
138721305,0.02,29122.9,1558458731,buy
138721303,0.00369711,29122.0,1558458731,buy
138721307,0.00098989,29122.9,1558458731,buy
138721306,0.02,29122.9,1558458731,buy
138721302,0.00313618,29122.0,1558458731,buy
138721304,0.00217682,29122.9,1558458731,buy
138721334,0.005,29122.2,1558458758,buy
138721345,0.00157614,29122.9,1558458772,buy
138721344,0.00342386,29122.4,1558458772,buy
138721349,0.005,29122.9,1558458777,buy
138721351,0.1542,29122.8,1558458778,sell
138721418,0.02,29126.6,1558458780,buy
138721427,0.02,29126.6,1558458780,buy
138721425,0.02,29126.6,1558458780,buy
138721424,0.02,29126.6,1558458780,buy
138721422,0.02,29126.6,1558458780,buy
138721421,0.02,29126.6,1558458780,buy
138721420,0.02,29126.6,1558458780,buy
138721419,0.02,29126.6,1558458780,buy
138721430,0.02,29126.6,1558458780,buy
138721417,0.02,29126.6,1558458780,buy
138721414,0.02,29126.6,1558458780,buy
138721415,0.02,29126.6,1558458780,buy
138721432,0.02,29126.6,1558458780,buy
138721413,0.02,29126.6,1558458780,buy
138721412,0.02,29126.6,1558458780,buy
138721411,0.02,29126.6,1558458780,buy
138721410,0.02,29126.6,1558458780,buy
138721409,0.02,29126.6,1558458780,buy
138721408,0.02,29126.6,1558458780,buy
138721407,0.02,29126.6,1558458780,buy
138721406,0.02,29126.6,1558458780,buy
138721416,0.02,29126.6,1558458780,buy
138721433,0.02,29126.6,1558458780,buy
138721442,0.02,29126.6,1558458780,buy
138721435,0.02,29126.6,1558458780,buy
138721405,0.02,29126.6,1558458780,buy
138721477,0.02,29126.6,1558458780,buy
138721475,0.02,29126.6,1558458780,buy
138721474,0.02,29126.6,1558458780,buy
138721473,0.02,29126.6,1558458780,buy
138721472,0.02,29126.6,1558458780,buy
138721470,0.02,29126.6,1558458780,buy
138721469,0.02,29126.6,1558458780,buy
138721468,0.02,29126.6,1558458780,buy
138721466,0.02,29126.6,1558458780,buy
138721465,0.02,29126.6,1558458780,buy
138721462,0.02,29126.6,1558458780,buy
138721461,0.02,29126.6,1558458780,buy
138721459,0.02,29126.6,1558458780,buy
138721457,0.02,29126.6,1558458780,buy
138721454,0.02,29126.6,1558458780,buy
138721450,0.02,29126.6,1558458780,buy
138721449,0.02,29126.6,1558458780,buy
138721447,0.02,29126.6,1558458780,buy
138721446,0.02,29126.6,1558458780,buy
138721443,0.02,29126.6,1558458780,buy
138721439,0.02,29126.6,1558458780,buy
138721437,0.02,29126.6,1558458780,buy
138721434,0.02,29126.6,1558458780,buy
138721404,0.02,29126.6,1558458780,buy
138721359,0.02,29122.9,1558458780,buy
138721402,0.02,29126.6,1558458780,buy
138721374,0.02,29126.6,1558458780,buy
138721373,0.02,29126.6,1558458780,buy
138721372,0.02,29126.6,1558458780,buy
138721371,0.01068527,29125.5,1558458780,buy
138721370,0.00313569,29123.2,1558458780,buy
138721369,0.1196,29122.9,1558458780,buy
138721368,0.02,29122.9,1558458780,buy
138721367,0.02,29122.9,1558458780,buy
138721366,0.02,29122.9,1558458780,buy
138721365,0.02,29122.9,1558458780,buy
138721364,0.02,29122.9,1558458780,buy
138721363,0.02,29122.9,1558458780,buy
138721362,0.02,29122.9,1558458780,buy
138721361,0.02,29122.9,1558458780,buy
138721360,0.02,29122.9,1558458780,buy
138721480,0.02,29126.6,1558458780,buy
138721358,0.02,29122.9,1558458780,buy
138721357,0.02,29122.9,1558458780,buy
138721356,0.02,29122.9,1558458780,buy
138721355,0.02,29122.9,1558458780,buy
138721354,0.01243397,29122.9,1558458780,buy
138721353,0.02,29122.6,1558458780,buy
138721352,0.00097566,29122.6,1558458780,buy
138721375,0.02,29126.6,1558458780,buy
138721403,0.02,29126.6,1558458780,buy
138721376,0.02,29126.6,1558458780,buy
138721378,0.02,29126.6,1558458780,buy
138721401,0.02,29126.6,1558458780,buy
138721400,0.02,29126.6,1558458780,buy
138721399,0.02,29126.6,1558458780,buy
138721398,0.02,29126.6,1558458780,buy
138721397,0.02,29126.6,1558458780,buy
138721396,0.02,29126.6,1558458780,buy
138721395,0.02,29126.6,1558458780,buy
138721394,0.02,29126.6,1558458780,buy
138721393,0.02,29126.6,1558458780,buy
138721392,0.02,29126.6,1558458780,buy
138721391,0.02,29126.6,1558458780,buy
138721390,0.02,29126.6,1558458780,buy
138721389,0.02,29126.6,1558458780,buy
138721388,0.02,29126.6,1558458780,buy
138721387,0.02,29126.6,1558458780,buy
138721386,0.02,29126.6,1558458780,buy
138721385,0.02,29126.6,1558458780,buy
138721384,0.02,29126.6,1558458780,buy
138721383,0.02,29126.6,1558458780,buy
138721382,0.02,29126.6,1558458780,buy
138721381,0.02,29126.6,1558458780,buy
138721380,0.02,29126.6,1558458780,buy
138721379,0.02,29126.6,1558458780,buy
138721377,0.02,29126.6,1558458780,buy
138721481,0.02,29126.6,1558458780,buy
138721547,0.02,29130.3,1558458780,buy
138721484,0.02,29126.6,1558458780,buy
138721637,0.001,29130.6,1558458780,buy
138721634,0.02,29130.3,1558458780,buy
138721633,0.02,29130.3,1558458780,buy
138721632,0.02,29130.3,1558458780,buy
138721631,0.02,29130.3,1558458780,buy
138721630,0.02,29130.3,1558458780,buy
138721629,0.02,29130.3,1558458780,buy
138721628,0.02,29130.3,1558458780,buy
138721627,0.02,29130.3,1558458780,buy
138721626,0.02,29130.3,1558458780,buy
138721625,0.02,29130.3,1558458780,buy
138721624,0.02,29130.3,1558458780,buy
138721623,0.02,29130.3,1558458780,buy
138721622,0.02,29130.3,1558458780,buy
138721621,0.02,29130.3,1558458780,buy
138721620,0.02,29130.3,1558458780,buy
138721619,0.02,29130.3,1558458780,buy
138721482,0.02,29126.6,1558458780,buy
138721617,0.02,29130.3,1558458780,buy
138721615,0.02,29130.3,1558458780,buy
138721614,0.02,29130.3,1558458780,buy
138721638,0.001,29132.1,1558458780,buy
138721641,0.001,29132.5,1558458780,buy
138721642,0.02,29133.9,1558458780,buy
138721643,0.02,29133.9,1558458780,buy
138721710,0.015,29126.2,1558458780,buy
138721676,0.00716941,29133.9,1558458780,buy
138721671,0.02,29133.9,1558458780,buy
138721670,0.02,29133.9,1558458780,buy
138721669,0.02,29133.9,1558458780,buy
138721668,0.02,29133.9,1558458780,buy
138721667,0.02,29133.9,1558458780,buy
